成交时间	成交价	价格变动	成交量(手)	成交额(元)	性质
15:00:03	17.58	-0.02	0	0	中性盘
14:59:48	17.6	0.02	110	193600	买盘
14:59:43	17.58	--	20	35160	买盘
14:59:38	17.58	-0.01	2	3515	买盘
14:59:33	17.59	0.03	30	52770	买盘
14:59:28	17.56	-0.03	135	237059	卖盘
14:59:23	17.59	0.01	96	168864	买盘
14:59:18	17.58	-0.01	19	33402	卖盘
14:59:08	17.59	0.01	3	5277	买盘
14:58:58	17.58	-0.01	10	17580	中性盘
14:58:38	17.59	0.01	10	17590	买盘
14:58:33	17.58	--	21	36918	卖盘
14:58:28	17.58	-0.02	5	8790	卖盘
14:58:23	17.6	--	41	72160	买盘
14:58:13	17.6	--	34	59840	中性盘
14:58:08	17.6	-0.01	1	1760	卖盘
14:58:03	17.61	0.01	86	151446	买盘
14:57:58	17.6	--	10	17600	卖盘
14:57:53	17.6	--	5	8800	卖盘
14:57:38	17.6	0.01	16	29832	买盘
14:57:33	17.59	-0.01	10	17590	卖盘
14:57:18	17.6	0.05	17	29920	买盘
14:57:13	17.55	-0.03	43	75465	卖盘
14:57:08	17.58	-0.02	3	5273	中性盘
14:56:48	17.6	0.02	171	300960	买盘
14:56:33	17.58	--	5	8790	买盘
14:56:28	17.58	--	2	3515	买盘
14:56:23	17.58	-0.01	323	567834	卖盘
14:56:13	17.59	--	20	35180	买盘
14:56:08	17.59	--	25	43975	买盘
14:55:48	17.59	-0.01	10	17590	中性盘
14:55:48	17.6	0.02	2	3520	买盘
14:55:43	17.58	-0.03	4	7031	买盘
14:55:08	17.61	0.05	5	8805	买盘
14:55:03	17.56	0.06	10	17560	中性盘
14:54:53	17.5	-0.1	166	290500	卖盘
14:54:48	17.6	--	20	35200	卖盘
14:54:43	17.6	0.05	407	716320	买盘
14:54:38	17.55	--	16	28080	卖盘
14:54:28	17.55	--	13	22815	卖盘
14:54:18	17.55	-0.01	5	8775	卖盘
14:54:08	17.56	-0.02	3	5268	中性盘
14:53:58	17.58	0.03	67	117785	买盘
14:53:48	17.55	-0.01	143	250965	卖盘
14:53:43	17.56	--	15	27990	中性盘
14:53:33	17.56	--	30	52679	买盘
14:53:33	17.56	0.01	43	75508	买盘
14:53:28	17.55	--	10	17550	卖盘
14:53:08	17.55	0.05	155	272902	买盘
14:53:03	17.5	--	1	1750	买盘
14:52:48	17.5	--	10	17500	买盘
14:52:38	17.5	0.02	10	17500	买盘
14:52:28	17.48	--	24	42598	买盘
14:52:23	17.48	--	17	30817	卖盘
14:52:13	17.48	--	40	69920	卖盘
14:51:48	17.48	0.02	46	81054	买盘
14:51:38	17.46	0.01	38	66348	买盘
14:51:23	17.45	--	10	17450	中性盘
14:51:13	17.45	0.02	43	75035	买盘
14:50:38	17.43	-0.02	6	10458	卖盘
14:50:28	17.45	-0.01	20	34900	中性盘
14:49:58	17.46	0.01	8	13968	买盘
14:49:58	17.45	-0.01	5	8725	中性盘
14:49:18	17.46	0.01	124	216504	买盘
14:49:08	17.45	--	2	3490	买盘
14:49:03	17.45	--	20	34900	买盘
14:48:33	17.45	0.01	15	27745	买盘
14:48:18	17.44	0.02	20	34880	买盘
14:47:53	17.42	--	6	10452	卖盘
14:47:43	17.42	0.02	16	28917	买盘
14:47:33	17.4	-0.02	5	8700	卖盘
14:47:28	17.42	--	15	26130	买盘
14:47:03	17.42	0.02	167	290914	买盘
14:46:43	17.4	-0.02	3	5220	卖盘
14:46:18	17.42	0.01	2	3484	买盘
14:45:48	17.41	--	6	10446	卖盘
14:45:43	17.41	0.01	25	43525	中性盘
14:45:33	17.4	--	32	56549	买盘
14:45:18	17.4	--	25	43500	卖盘
14:45:13	17.4	--	41	71340	卖盘
14:44:58	17.4	--	59	102659	买盘
14:44:53	17.4	--	5	8700	买盘
14:44:38	17.4	--	30	52199	买盘
14:44:33	17.4	--	5	8700	买盘
14:44:28	17.4	-0.02	256	445439	卖盘
14:44:23	17.42	--	100	174200	买盘
14:44:13	17.42	--	17	29614	买盘
14:43:43	17.42	0.02	51	88842	买盘
14:43:38	17.4	-0.02	72	125279	卖盘
14:43:23	17.42	--	38	66196	买盘
14:43:18	17.42	--	30	52260	买盘
14:43:13	17.42	--	70	121940	买盘
14:43:03	17.42	--	10	17420	买盘
14:42:58	17.42	0.01	4	6968	买盘
14:42:53	17.41	-0.01	3	5223	中性盘
14:42:38	17.42	--	32	55744	买盘
14:42:13	17.42	--	5	8710	买盘
14:41:58	17.42	--	10	17420	买盘
14:41:53	17.42	0.02	20	34840	买盘
14:41:43	17.4	-0.02	49	85260	卖盘
14:41:28	17.42	0.02	68	118456	买盘
14:41:08	17.4	-0.01	18	31319	卖盘
14:41:03	17.41	--	15	26115	卖盘
14:40:58	17.41	-0.01	185	322085	卖盘
14:40:48	17.42	0.02	30	52260	买盘
14:40:43	17.4	-0.01	290	504599	卖盘
14:40:23	17.41	--	145	252445	买盘
14:40:13	17.41	--	8	13928	买盘
14:40:08	17.41	--	249	433509	买盘
14:39:53	17.41	0.01	10	17410	买盘
14:39:48	17.4	-0.01	20	34800	卖盘
14:39:43	17.41	--	5	8705	买盘
14:39:38	17.41	0.01	2	3482	买盘
14:39:33	17.4	-0.01	40	69600	卖盘
14:39:28	17.41	--	30	52230	买盘
14:39:23	17.41	0.01	35	60935	买盘
14:39:18	17.4	--	6	10440	卖盘
14:39:13	17.4	--	83	144420	卖盘
14:38:53	17.4	-0.01	38	66120	卖盘
14:38:48	17.41	--	26	45266	买盘
14:38:38	17.41	--	38	66158	买盘
14:38:23	17.41	-0.01	124	215884	卖盘
14:38:18	17.42	--	194	337948	买盘
14:38:03	17.42	0.01	100	174200	买盘
14:37:53	17.41	-0.01	3	5223	卖盘
14:37:48	17.42	--	30	52260	买盘
14:37:38	17.42	0.01	50	87100	买盘
14:37:23	17.41	-0.01	2	3482	卖盘
14:37:13	17.42	--	72	125424	买盘
14:36:53	17.42	--	87	151554	卖盘
14:36:38	17.42	-0.02	2	3484	卖盘
14:36:33	17.44	0.02	10	17440	买盘
14:36:23	17.42	-0.01	75	130650	卖盘
14:36:08	17.43	-0.01	67	116781	卖盘
14:35:38	17.44	-0.01	18	31392	卖盘
14:35:23	17.45	--	3	5235	买盘
14:34:43	17.45	--	40	69800	买盘
14:34:38	17.45	--	28	48860	买盘
14:34:28	17.45	--	50	87250	买盘
14:34:23	17.45	-0.01	27	47115	卖盘
14:33:38	17.46	--	5	8730	买盘
14:33:28	17.46	-0.01	44	77923	卖盘
14:32:48	17.47	--	10	17470	卖盘
14:32:38	17.47	--	13	22711	卖盘
14:32:28	17.47	-0.01	11	19217	卖盘
14:32:23	17.48	0.01	3	5244	买盘
14:32:18	17.47	--	77	134519	卖盘
14:32:03	17.47	-0.01	20	34940	卖盘
14:31:53	17.48	--	18	31464	买盘
14:31:33	17.48	--	148	259403	卖盘
14:31:23	17.48	--	10	17480	卖盘
14:31:18	17.48	--	35	61180	卖盘
14:31:03	17.48	-0.02	9	15732	卖盘
14:30:58	17.5	0.01	25	43750	买盘
14:30:38	17.49	--	3	5246	卖盘
14:30:13	17.49	0.01	20	34980	买盘
14:30:13	17.48	-0.01	20	34960	卖盘
14:30:03	17.49	0.01	8	13991	买盘
14:29:58	17.48	-0.01	50	87400	卖盘
14:29:48	17.49	0.01	14	24485	买盘
14:29:43	17.48	--	10	17480	卖盘
14:29:33	17.48	--	6	10488	卖盘
14:29:28	17.48	--	12	20976	卖盘
14:29:23	17.48	--	13	22724	卖盘
14:28:48	17.48	--	3	5244	卖盘
14:28:38	17.48	--	7	12236	卖盘
14:27:53	17.48	-0.01	41	71668	卖盘
14:27:48	17.49	-0.01	5	8745	卖盘
14:27:18	17.5	--	5	8750	卖盘
14:26:58	17.5	--	39	68250	卖盘
14:26:58	17.5	--	76	133000	卖盘
14:26:48	17.5	--	50	87500	卖盘
14:26:18	17.5	--	30	52500	卖盘
14:26:03	17.5	-0.02	18	31500	卖盘
14:25:28	17.52	--	20	35040	买盘
14:25:08	17.52	--	1	1752	卖盘
14:24:48	17.52	0.03	2	3504	中性盘
14:24:23	17.49	-0.04	93	162657	卖盘
14:24:13	17.53	0.01	22	39617	买盘
14:24:03	17.52	--	8	14716	卖盘
14:23:48	17.52	--	5	8760	卖盘
14:23:28	17.52	--	20	35040	卖盘
14:23:18	17.52	--	2	3504	卖盘
14:22:53	17.52	--	49	86899	买盘
14:22:43	17.52	--	10	17520	买盘
14:22:23	17.52	0.01	17	29784	买盘
14:22:18	17.51	--	6	11206	卖盘
14:22:13	17.51	--	1	1751	卖盘
14:21:53	17.51	-0.01	30	52530	卖盘
14:21:48	17.52	0.01	6	10512	买盘
14:21:38	17.51	--	1	1751	卖盘
14:21:23	17.51	0.01	116	203116	买盘
14:21:08	17.5	--	20	35000	卖盘
14:21:03	17.5	0.01	10	18550	买盘
14:20:58	17.49	--	20	34980	买盘
14:20:38	17.49	-0.01	22	39177	卖盘
14:20:33	17.5	--	5	8750	卖盘
14:20:28	17.5	--	26	46550	买盘
14:20:03	17.5	--	23	40950	卖盘
14:19:33	17.5	0.02	18	32550	买盘
14:19:08	17.48	--	3	5244	卖盘
14:18:23	17.48	0.01	4	6992	买盘
14:17:48	17.47	-0.01	34	59397	卖盘
14:17:33	17.48	--	10	17480	买盘
14:17:18	17.48	-0.01	60	104880	卖盘
14:17:03	17.49	--	5	8745	买盘
14:16:58	17.49	0.01	2	3497	买盘
14:16:43	17.48	--	13	22724	卖盘
14:16:38	17.48	-0.01	4	6992	卖盘
14:16:28	17.49	0.01	3	5246	买盘
14:16:03	17.48	--	1	1748	买盘
14:15:58	17.48	-0.02	4	6992	中性盘
14:15:13	17.5	0.02	50	87500	买盘
14:14:58	17.48	--	17	29716	卖盘
14:14:38	17.48	--	2	3496	买盘
14:14:33	17.48	--	5	8740	买盘
14:14:23	17.48	0.02	3	5244	买盘
14:14:18	17.46	-0.03	10	17460	卖盘
14:14:08	17.49	0.03	10	17490	买盘
14:13:58	17.46	-0.02	30	52380	卖盘
14:13:43	17.48	--	7	12882	买盘
14:13:18	17.48	--	5	8740	买盘
14:12:28	17.48	--	1	1748	买盘
14:12:03	17.48	--	10	17480	买盘
14:11:53	17.48	0.02	2	3496	买盘
14:11:28	17.46	--	11	19206	卖盘
14:10:38	17.46	--	24	41904	买盘
14:10:33	17.46	--	13	22698	卖盘
14:10:03	17.46	--	9	15714	卖盘
14:09:33	17.46	--	10	17460	卖盘
14:09:28	17.46	-0.01	4	6984	卖盘
14:09:23	17.47	0.01	10	17470	买盘
14:08:53	17.46	--	1	1746	买盘
14:08:48	17.46	0.01	4	6984	买盘
14:08:38	17.45	-0.01	27	47115	卖盘
14:08:33	17.46	--	7	12222	卖盘
14:07:38	17.46	-0.02	10	17460	卖盘
14:07:13	17.48	--	12	22077	卖盘
14:07:08	17.48	-0.02	30	52440	卖盘
14:06:58	17.5	--	1	1750	买盘
14:06:33	17.5	--	10	17500	买盘
14:06:03	17.5	--	5	8750	买盘
14:05:48	17.5	--	5	8750	买盘
14:05:28	17.5	--	5	8750	买盘
14:04:53	17.5	--	7	12250	买盘
14:04:43	17.5	--	17	29750	卖盘
14:04:18	17.5	0.02	62	108500	买盘
14:03:48	17.48	--	1	2394	买盘
14:03:43	17.48	0.02	5	8740	买盘
14:03:33	17.46	-0.02	5	8730	卖盘
14:03:28	17.48	--	31	54188	买盘
14:03:18	17.48	--	10	17480	买盘
14:03:08	17.48	--	5	8740	买盘
14:03:03	17.48	-0.01	47	83257	卖盘
14:02:53	17.49	--	1	1748	卖盘
14:02:48	17.49	0.01	3	5246	买盘
14:02:28	17.48	--	4	6992	卖盘
14:02:23	17.48	--	25	43700	卖盘
14:01:53	17.48	--	56	97888	卖盘
14:01:48	17.48	--	20	34960	卖盘
14:01:43	17.48	0.02	53	93290	买盘
14:01:23	17.46	--	3	5238	卖盘
14:00:58	17.46	--	41	71586	买盘
14:00:43	17.46	0.01	5	8730	买盘
14:00:38	17.45	-0.01	10	17450	卖盘
14:00:33	17.46	0.01	1	1746	买盘
14:00:23	17.45	--	3	5235	卖盘
13:59:53	17.45	--	7	12215	卖盘
13:59:18	17.45	0.01	11	20067	买盘
13:59:08	17.44	-0.01	16	27904	卖盘
13:58:33	17.45	--	5	8725	买盘
13:57:43	17.45	--	2	3490	买盘
13:57:33	17.45	--	159	278327	卖盘
13:57:28	17.45	-0.01	10	17450	卖盘
13:56:48	17.46	0.01	8	13968	买盘
13:56:33	17.45	--	1	1745	卖盘
13:56:28	17.45	-0.01	17	29665	卖盘
13:56:13	17.46	0.01	10	17460	买盘
13:56:08	17.45	--	20	34900	卖盘
13:55:53	17.45	--	4	6980	卖盘
13:55:48	17.45	-0.01	100	174500	卖盘
13:55:13	17.46	--	146	254916	卖盘
13:55:08	17.46	-0.02	60	104760	卖盘
13:53:48	17.48	--	59	104233	卖盘
13:53:38	17.48	-0.02	38	66424	卖盘
13:53:28	17.5	0.02	3	5250	买盘
13:53:08	17.48	-0.02	20	34960	卖盘
13:52:48	17.5	--	59	103250	卖盘
13:52:33	17.5	--	11	19250	卖盘
13:52:33	17.5	-0.01	59	103250	卖盘
13:52:03	17.51	--	45	78795	卖盘
13:51:58	17.51	--	27	47277	卖盘
13:51:53	17.51	--	100	175100	卖盘
13:50:33	17.51	--	3	5253	卖盘
13:50:23	17.51	0.01	21	36771	买盘
13:50:13	17.5	--	50	87500	卖盘
13:50:08	17.5	--	3	5250	卖盘
13:49:58	17.5	-0.01	5	8750	卖盘
13:49:48	17.51	-0.01	5	8755	中性盘
13:49:28	17.52	0.02	5	8760	买盘
13:49:18	17.5	--	5	8750	卖盘
13:49:08	17.5	-0.02	5	8750	卖盘
13:49:03	17.52	--	6	10512	买盘
13:48:48	17.52	-0.02	29	51684	卖盘
13:48:33	17.54	--	41	71914	卖盘
13:48:33	17.54	--	6	10524	卖盘
13:48:23	17.54	-0.01	105	184170	卖盘
13:48:13	17.55	0.01	9	15795	买盘
13:48:08	17.54	--	10	17540	卖盘
13:47:23	17.54	--	20	35080	卖盘
13:47:18	17.54	--	10	17540	卖盘
13:47:03	17.54	--	25	43850	买盘
13:46:53	17.54	0.01	5	8770	买盘
13:46:48	17.53	--	2	3506	卖盘
13:46:38	17.53	--	13	22789	卖盘
13:46:28	17.53	--	5	8765	卖盘
13:45:58	17.53	-0.01	17	29801	卖盘
13:45:48	17.54	--	19	33326	买盘
13:45:28	17.54	--	32	56128	卖盘
13:45:13	17.54	--	5	8770	卖盘
13:45:03	17.54	-0.01	22	38588	卖盘
13:44:48	17.55	0.01	5	8775	买盘
13:44:43	17.54	--	16	28064	卖盘
13:44:38	17.54	-0.01	20	35080	卖盘
13:44:23	17.55	0.01	10	17550	买盘
13:43:58	17.54	-0.01	5	8770	卖盘
13:43:53	17.55	0.01	6	10530	买盘
13:43:48	17.54	--	19	33378	买盘
13:43:43	17.54	0.01	7	12278	买盘
13:43:18	17.53	0.03	86	151634	买盘
13:43:08	17.5	0.01	19	33250	买盘
13:43:03	17.49	--	8	13991	卖盘
13:42:53	17.49	-0.01	12	20987	卖盘
13:42:43	17.5	--	27	47250	买盘
13:42:18	17.5	--	10	17500	买盘
13:42:08	17.5	--	15	26250	买盘
13:42:03	17.5	--	8	14000	卖盘
13:41:33	17.5	0.02	83	145250	买盘
13:41:23	17.48	--	24	41952	卖盘
13:40:48	17.48	0.03	64	112518	买盘
13:40:23	17.45	-0.01	30	52350	卖盘
13:40:18	17.46	-0.02	5	8730	中性盘
13:39:28	17.48	--	1	1748	买盘
13:39:23	17.48	-0.01	5	8740	中性盘
13:39:08	17.49	-0.01	20	34980	中性盘
13:38:23	17.5	--	39	68250	卖盘
13:38:23	17.5	--	20	35000	卖盘
13:38:18	17.5	--	5	8750	卖盘
13:38:08	17.5	--	15	26250	卖盘
13:38:03	17.5	--	55	96250	卖盘
13:37:53	17.5	--	4	7000	卖盘
13:37:48	17.5	--	31	54250	买盘
13:37:43	17.5	0.01	138	241500	买盘
13:37:28	17.49	--	93	162657	买盘
13:37:28	17.49	0.01	87	152163	买盘
13:37:23	17.48	0.03	99	173052	买盘
13:37:18	17.45	0.01	16	28792	买盘
13:37:08	17.44	--	30	52320	卖盘
13:37:03	17.44	--	4	6976	卖盘
13:36:58	17.44	--	2	3488	卖盘
13:36:28	17.44	-0.01	5	8720	卖盘
13:36:13	17.45	--	9	15705	买盘
13:36:08	17.45	--	20	34900	买盘
13:36:03	17.45	--	13	23557	卖盘
13:35:38	17.45	--	1	2617	卖盘
13:35:13	17.45	--	9	15705	卖盘
13:35:03	17.45	--	2	3490	卖盘
13:35:03	17.45	0.01	35	61075	买盘
13:34:38	17.44	-0.01	1	1744	卖盘
13:34:23	17.45	0.01	3	5235	买盘
13:34:13	17.44	--	15	26160	卖盘
13:33:48	17.44	-0.01	20	34880	卖盘
13:33:38	17.45	--	2	3490	买盘
13:33:18	17.45	0.01	10	17450	买盘
13:33:08	17.44	-0.01	10	17440	卖盘
13:33:03	17.45	--	2	3490	买盘
13:32:18	17.45	0.01	9	15705	买盘
13:31:53	17.44	--	2	3488	买盘
13:31:28	17.44	0.01	2	3488	买盘
13:31:23	17.43	--	20	34860	卖盘
13:30:58	17.43	--	30	52290	卖盘
13:30:38	17.43	--	24	41832	买盘
13:30:18	17.43	0.01	55	95865	买盘
13:29:53	17.42	-0.01	4	6968	卖盘
13:29:43	17.43	0.01	41	71463	买盘
13:29:23	17.42	--	1	1742	买盘
13:28:33	17.42	0.01	4	6968	买盘
13:28:08	17.41	-0.01	4	6964	卖盘
13:27:58	17.42	0.01	20	34840	买盘
13:27:43	17.41	0.01	11	19151	买盘
13:27:28	17.4	--	50	87000	卖盘
13:27:18	17.4	--	5	8700	卖盘
13:26:48	17.4	--	30	52199	卖盘
13:26:38	17.4	0.02	74	128759	买盘
13:26:28	17.38	--	2	3476	卖盘
13:26:23	17.38	0.01	18	31284	卖盘
13:25:43	17.37	-0.03	3	5211	卖盘
13:24:23	17.4	0.03	25	43500	买盘
13:23:43	17.37	-0.03	5	8685	中性盘
13:23:13	17.4	--	8	13919	卖盘
13:22:58	17.4	--	6	10440	卖盘
13:22:53	17.4	--	35	60899	卖盘
13:21:58	17.4	-0.01	2	3479	卖盘
13:21:48	17.41	--	8	13928	卖盘
13:21:23	17.41	--	5	8705	卖盘
13:21:18	17.41	-0.01	1	1741	卖盘
13:20:58	17.42	--	16	27872	卖盘
13:20:23	17.42	0.01	20	34840	中性盘
13:19:48	17.41	--	23	40043	卖盘
13:19:33	17.41	-0.03	14	24374	卖盘
13:19:23	17.44	--	3	5232	买盘
13:18:53	17.44	0.04	3	5232	买盘
13:18:28	17.4	0.03	152	264480	买盘
13:17:43	17.37	0.05	200	347400	买盘
13:17:33	17.32	0.01	3	5196	买盘
13:17:23	17.31	-0.01	10	17310	卖盘
13:17:03	17.32	0.01	5	8660	买盘
13:16:48	17.31	--	20	34620	卖盘
13:16:43	17.31	-0.01	43	74433	卖盘
13:16:38	17.32	--	5	8660	买盘
13:16:23	17.32	0.01	86	148952	买盘
13:16:23	17.31	-0.01	10	17310	卖盘
13:16:08	17.32	--	4	6928	买盘
13:16:08	17.32	--	40	69280	买盘
13:16:03	17.32	--	10	17320	买盘
13:15:48	17.32	--	5	8660	买盘
13:15:23	17.32	-0.01	325	562900	卖盘
13:15:13	17.33	--	10	17330	卖盘
13:14:08	17.33	-0.04	10	17330	卖盘
13:13:53	17.37	0.04	5	8685	买盘
13:13:28	17.33	-0.04	100	173299	卖盘
13:13:18	17.37	--	17	29529	卖盘
13:13:13	17.37	-0.01	5	8685	卖盘
13:13:03	17.38	--	5	8690	买盘
13:12:43	17.38	0.01	5	8690	买盘
13:12:03	17.37	--	1	1737	卖盘
13:11:48	17.37	--	5	8685	卖盘
13:11:28	17.37	0.02	5	8685	买盘
13:10:43	17.35	--	57	98895	买盘
13:10:23	17.35	--	1	1735	买盘
13:10:18	17.35	0.05	9	15615	买盘
13:09:38	17.3	--	134	233463	买盘
13:09:33	17.3	--	7	12110	买盘
13:09:23	17.3	-0.05	559	967156	卖盘
13:09:13	17.35	0.01	105	182175	买盘
13:09:08	17.34	--	11	19074	买盘
13:08:58	17.34	--	62	107508	卖盘
13:08:33	17.34	0.01	38	65892	买盘
13:08:08	17.33	-0.01	84	145572	卖盘
13:08:03	17.34	0.01	5	8670	买盘
13:07:58	17.33	0.01	16	27727	卖盘
13:07:48	17.32	-0.02	8	13856	卖盘
13:07:43	17.34	0.02	10	17340	买盘
13:07:18	17.32	-0.02	5	8660	卖盘
13:06:43	17.34	-0.01	64	110976	卖盘
13:06:38	17.35	-0.01	78	135330	买盘
13:06:28	17.36	0.02	10	17360	买盘
13:06:18	17.34	-0.04	2	3468	卖盘
13:06:03	17.38	--	9	15642	买盘
13:05:13	17.38	0.04	3	5214	买盘
13:04:53	17.34	-0.01	3	5202	卖盘
13:04:48	17.35	--	9	15615	买盘
13:04:33	17.35	0.04	20	34700	买盘
13:04:23	17.31	-0.02	374	647394	卖盘
13:04:13	17.33	--	10	17330	卖盘
13:03:43	17.33	--	17	29460	卖盘
13:03:43	17.33	--	4	6931	卖盘
13:03:23	17.33	-0.01	37	64120	卖盘
13:03:18	17.34	0.01	50	86700	买盘
13:03:13	17.33	--	22	38125	卖盘
13:03:08	17.33	--	24	41591	卖盘
13:02:58	17.33	--	16	27727	卖盘
13:02:43	17.33	-0.01	26	45057	卖盘
13:02:33	17.34	--	16	27744	卖盘
13:02:28	17.34	-0.01	20	34680	卖盘
13:02:23	17.35	0.01	5	8675	买盘
13:02:18	17.34	--	6	10404	卖盘
13:01:43	17.34	-0.02	20	34680	卖盘
13:01:33	17.36	--	12	20832	卖盘
13:01:28	17.36	--	12	20832	卖盘
13:01:23	17.36	-0.02	30	52080	卖盘
13:00:53	17.38	-0.02	44	76472	卖盘
13:00:13	17.4	--	10	17400	买盘
13:00:08	17.4	-0.07	139	241859	卖盘
11:30:02	17.47	-0.01	40	69880	买盘
11:29:52	17.48	--	21	36708	卖盘
11:29:47	17.48	0.01	50	87400	买盘
11:29:42	17.47	--	7	12229	卖盘
11:29:17	17.47	-0.01	3	5241	中性盘
11:28:57	17.48	0.09	200	349600	买盘
11:28:52	17.39	--	8	13912	买盘
11:28:37	17.39	-0.08	2	3478	卖盘
11:28:12	17.47	0.08	230	401810	买盘
11:27:42	17.39	-0.05	1	1739	卖盘
11:27:42	17.44	-0.02	6	10464	中性盘
11:27:07	17.46	--	5	8730	买盘
11:26:57	17.46	0.13	3	5238	买盘
11:26:17	17.33	-0.13	46	79717	卖盘
11:25:57	17.46	0.04	200	349200	买盘
11:25:47	17.42	--	12	20904	中性盘
11:25:17	17.42	0.01	136	236912	买盘
11:25:07	17.41	0.02	110	191510	买盘
11:25:02	17.39	--	8	13912	买盘
11:24:52	17.39	--	5	8695	买盘
11:24:52	17.39	--	5	8695	买盘
11:24:47	17.39	--	12	20868	买盘
11:24:37	17.39	--	8	13912	买盘
11:24:17	17.39	--	5	8695	买盘
11:24:12	17.39	--	4	6956	买盘
11:24:07	17.39	--	3	5217	买盘
11:23:57	17.39	0.07	1	1739	买盘
11:23:27	17.32	0.02	10	17320	中性盘
11:23:17	17.3	-0.08	286	496423	卖盘
11:22:57	17.38	0.07	10	17380	中性盘
11:22:42	17.31	-0.07	200	346200	卖盘
11:22:17	17.38	-0.02	7	12166	卖盘
11:21:42	17.4	--	3	5220	中性盘
11:21:22	17.4	--	5	8700	卖盘
11:21:17	17.4	--	11	19140	买盘
11:21:02	17.4	--	4	7046	卖盘
11:20:57	17.4	--	1	1739	卖盘
11:20:32	17.4	--	29	52112	买盘
11:19:47	17.4	--	5	8787	卖盘
11:19:42	17.4	--	62	107879	卖盘
11:19:17	17.4	--	5	8700	卖盘
11:19:12	17.4	0.05	330	575853	买盘
11:19:07	17.35	--	8	13880	卖盘
11:18:52	17.35	-0.04	3	5205	卖盘
11:18:47	17.39	--	1	1739	买盘
11:18:37	17.39	0.04	20	34780	买盘
11:18:27	17.35	-0.05	10	17350	卖盘
11:18:07	17.4	--	30	52199	买盘
11:18:02	17.4	--	56	97439	买盘
11:17:57	17.4	--	0	87	卖盘
11:17:52	17.4	--	32	55679	卖盘
11:17:42	17.4	--	100	174000	卖盘
11:17:27	17.4	--	4	6959	卖盘
11:17:12	17.4	0.05	263	459272	买盘
11:17:07	17.35	0.01	2	3470	买盘
11:16:57	17.34	0.03	2	3468	买盘
11:16:12	17.31	0.01	5	8655	买盘
11:15:47	17.3	--	5	8650	卖盘
11:15:22	17.3	--	17	29410	卖盘
11:15:07	17.3	--	50	86500	卖盘
11:15:02	17.3	-0.01	24	41520	卖盘
11:14:57	17.31	--	10	17310	中性盘
11:14:22	17.31	--	4	6923	卖盘
11:13:57	17.31	0.01	3	5193	中性盘
11:13:37	17.3	-0.01	12	20760	卖盘
11:13:27	17.31	0.01	6	10386	买盘
11:13:22	17.3	-0.01	4	6920	卖盘
11:12:57	17.31	-0.04	13	22503	卖盘
11:12:42	17.35	0.05	44	76340	买盘
11:12:22	17.3	-0.05	13	22490	卖盘
11:12:12	17.35	--	3	5205	买盘
11:11:57	17.35	0.05	1	1735	中性盘
11:11:37	17.3	-0.1	15	25950	卖盘
11:11:22	17.4	--	46	80127	卖盘
11:11:12	17.4	--	17	29579	卖盘
11:11:02	17.4	0.1	170	297453	买盘
11:10:37	17.3	-0.1	41	70930	卖盘
11:09:47	17.4	0.06	277	481979	买盘
11:09:42	17.34	-0.01	126	218570	卖盘
11:09:17	17.35	-0.02	214	371290	卖盘
11:09:12	17.37	-0.01	2	3474	卖盘
11:09:07	17.38	--	4	6952	卖盘
11:09:02	17.38	0.03	5	8690	买盘
11:08:52	17.35	0.01	202	350470	中性盘
11:08:37	17.34	--	10	17340	卖盘
11:08:07	17.34	--	93	162909	买盘
11:08:02	17.34	0.03	19	32946	买盘
11:07:52	17.31	--	10	17310	卖盘
11:07:22	17.31	-0.03	5	8655	中性盘
11:07:22	17.34	0.04	459	795906	买盘
11:07:02	17.3	0.01	179	309670	中性盘
11:06:57	17.29	-0.01	12	20748	卖盘
11:06:52	17.3	0.01	5	8650	买盘
11:06:32	17.29	0.03	106	183274	买盘
11:06:27	17.26	--	5	8630	卖盘
11:06:17	17.26	0.04	170	293420	买盘
11:06:07	17.22	--	6	12036	买盘
11:06:02	17.22	0.02	16	27552	买盘
11:05:37	17.2	-0.02	10	17200	中性盘
11:05:32	17.22	0.02	37	63713	买盘
11:05:27	17.2	--	12	20640	买盘
11:05:22	17.2	-0.01	48	82560	卖盘
11:05:12	17.21	0.01	10	17210	买盘
11:05:02	17.2	0.02	4	6880	买盘
11:04:57	17.18	-0.01	50	85900	卖盘
11:04:52	17.19	--	11	18909	卖盘
11:04:37	17.19	0.01	3	5157	买盘
11:04:32	17.18	--	50	85900	卖盘
11:04:27	17.18	--	1	1718	卖盘
11:04:22	17.18	0.03	12	20616	卖盘
11:04:17	17.15	-0.03	400	686000	卖盘
11:04:12	17.18	--	59	101739	买盘
11:04:07	17.18	--	58	99644	买盘
11:04:02	17.18	0.01	209	359062	买盘
11:03:57	17.17	-0.01	5	8585	卖盘
11:03:52	17.18	--	8	13744	买盘
11:03:47	17.18	0.02	122	209596	买盘
11:03:42	17.16	-0.02	8	13728	卖盘
11:03:37	17.18	--	16	27488	买盘
11:03:32	17.18	--	5	8590	买盘
11:03:22	17.18	--	42	72156	买盘
11:03:17	17.18	--	91	156338	买盘
11:03:07	17.18	--	24	41232	买盘
11:02:57	17.18	--	104	178689	卖盘
11:02:42	17.18	-0.04	6	10308	卖盘
11:02:37	17.22	0.02	2	3444	买盘
11:02:32	17.2	--	39	67080	卖盘
11:02:27	17.2	0.02	13	22360	卖盘
11:02:22	17.18	-0.02	80	137440	卖盘
11:02:17	17.2	0.01	143	247662	买盘
11:02:12	17.19	0.01	10	17190	买盘
11:02:07	17.18	-0.02	10	17180	卖盘
11:02:02	17.2	--	12	20640	买盘
11:01:52	17.2	-0.01	177	304457	卖盘
11:01:42	17.21	--	10	18913	卖盘
11:01:32	17.21	-0.01	25	43025	卖盘
11:01:27	17.22	--	11	18942	买盘
11:01:17	17.22	--	5	8610	买盘
11:01:12	17.22	-0.01	75	129149	卖盘
11:00:57	17.23	--	1	1723	买盘
11:00:47	17.23	--	10	17230	买盘
11:00:42	17.23	--	12	20676	买盘
11:00:37	17.23	-0.05	41	70643	卖盘
11:00:22	17.28	0.03	46	79488	买盘
11:00:12	17.25	--	9	15525	买盘
11:00:02	17.25	--	187	322575	买盘
10:59:52	17.25	--	110	189750	卖盘
10:59:47	17.25	-0.03	9	15525	卖盘
10:59:37	17.28	0.03	42	72576	买盘
10:59:27	17.25	-0.03	66	113850	卖盘
10:59:12	17.28	--	115	198720	卖盘
10:59:07	17.28	--	10	17280	卖盘
10:59:02	17.28	-0.01	80	138240	卖盘
10:58:57	17.29	--	2	3458	买盘
10:58:52	17.29	--	120	207480	买盘
10:58:47	17.29	-0.01	1	3060	卖盘
10:58:42	17.3	0.01	33	57090	中性盘
10:58:37	17.29	--	208	360029	卖盘
10:58:32	17.29	--	20	34580	卖盘
10:58:27	17.29	-0.01	15	25935	卖盘
10:58:22	17.3	--	90	155700	买盘
10:58:12	17.3	0.01	10	17300	买盘
10:58:07	17.29	-0.01	2	3458	卖盘
10:57:57	17.3	--	20	34600	买盘
10:57:42	17.3	-0.01	16	27680	卖盘
10:57:37	17.31	--	51	88281	买盘
10:57:32	17.31	--	32	55391	买盘
10:57:22	17.31	--	2	3461	买盘
10:57:17	17.31	--	10	17310	买盘
10:57:12	17.31	--	412	713172	买盘
10:57:02	17.31	-0.03	77	133287	卖盘
10:56:42	17.34	0.03	5	8670	买盘
10:56:37	17.31	-0.02	103	178293	卖盘
10:56:27	17.33	--	10	17330	卖盘
10:56:17	17.33	-0.01	53	91848	卖盘
10:56:02	17.34	--	10	17340	买盘
10:55:47	17.34	-0.02	384	665942	卖盘
10:55:42	17.36	--	49	85064	卖盘
10:55:32	17.36	-0.01	91	157976	卖盘
10:55:17	17.37	0.01	9	15633	中性盘
10:55:12	17.36	-0.02	40	69440	卖盘
10:55:07	17.38	--	10	17380	买盘
10:55:02	17.38	-0.01	5	8690	卖盘
10:54:57	17.39	0.01	10	17390	买盘
10:54:47	17.38	-0.01	5	8690	卖盘
10:54:42	17.39	--	1	1739	买盘
10:54:37	17.39	--	2	3478	卖盘
10:54:27	17.39	0.02	1	1739	买盘
10:54:07	17.37	-0.03	163	283131	卖盘
10:53:42	17.4	--	34	59159	买盘
10:53:37	17.4	0.01	5	8700	买盘
10:53:17	17.39	0.01	2	3478	买盘
10:53:07	17.38	-0.01	20	34760	卖盘
10:53:07	17.39	--	4	6956	买盘
10:52:57	17.39	--	15	26085	买盘
10:52:47	17.39	0.01	5	8695	买盘
10:52:37	17.38	-0.02	37	64305	卖盘
10:51:52	17.4	0.01	17	29579	买盘
10:51:22	17.39	--	8	13912	买盘
10:51:02	17.39	0.01	5	8695	卖盘
10:50:47	17.38	-0.02	6	10428	卖盘
10:50:42	17.4	--	5	8700	买盘
10:50:32	17.4	0.01	10	17400	买盘
10:50:27	17.39	--	2	3478	卖盘
10:50:22	17.39	--	55	95645	卖盘
10:50:17	17.39	--	14	24346	卖盘
10:50:12	17.39	-0.01	3	5217	卖盘
10:50:07	17.4	0.01	22	38280	买盘
10:49:52	17.39	--	10	17390	卖盘
10:49:22	17.39	--	149	259563	买盘
10:49:17	17.39	0.01	3	5217	买盘
10:49:07	17.38	--	20	34760	卖盘
10:49:02	17.38	--	150	260699	卖盘
10:48:47	17.38	--	3	5214	卖盘
10:48:42	17.38	-0.01	40	69520	卖盘
10:48:27	17.39	0.01	2	3478	买盘
10:48:22	17.38	-0.01	11	19118	卖盘
10:48:17	17.39	0.01	22	38258	卖盘
10:48:12	17.38	-0.01	50	86900	卖盘
10:48:07	17.39	0.01	8	13912	买盘
10:47:47	17.38	0.01	21	36602	买盘
10:47:37	17.37	-0.01	4	6948	中性盘
10:47:12	17.38	--	0	1633	卖盘
10:47:07	17.38	--	72	125240	买盘
10:47:02	17.38	--	2	5109	卖盘
10:46:32	17.38	--	5	8690	卖盘
10:46:22	17.38	-0.02	9	15642	卖盘
10:46:17	17.4	0.02	3	5220	买盘
10:46:07	17.38	--	10	17380	卖盘
10:46:02	17.38	0.02	73	126978	买盘
10:45:52	17.36	-0.02	60	105722	卖盘
10:45:17	17.38	-0.02	15	26070	卖盘
10:44:57	17.4	-0.01	91	158340	卖盘
10:44:42	17.41	-0.01	70	123158	卖盘
10:44:32	17.42	--	27	47034	买盘
10:44:17	17.42	--	37	64454	买盘
10:44:02	17.42	-0.01	5	8710	中性盘
10:43:52	17.43	0.02	3	5229	买盘
10:43:47	17.41	-0.02	20	34820	卖盘
10:43:37	17.43	--	14	24402	买盘
10:43:22	17.43	--	3	5229	买盘
10:43:17	17.43	--	11	19173	卖盘
10:43:12	17.43	--	10	17430	卖盘
10:43:02	17.43	--	1	1743	卖盘
10:42:47	17.43	--	10	17430	卖盘
10:42:37	17.43	--	10	17430	卖盘
10:42:22	17.43	-0.04	2	3486	卖盘
10:42:17	17.47	-0.01	10	17470	中性盘
10:41:57	17.48	0.05	10	17480	买盘
10:41:37	17.43	-0.11	9	15687	卖盘
10:41:22	17.54	0.1	203	356062	买盘
10:40:52	17.44	-0.05	35	61912	卖盘
10:40:47	17.49	0.04	200	349799	买盘
10:40:42	17.45	0.01	4	6980	买盘
10:40:32	17.44	--	6	10464	卖盘
10:40:12	17.44	--	13	22672	卖盘
10:40:07	17.44	0.02	245	428152	买盘
10:39:57	17.42	--	10	17420	卖盘
10:39:42	17.42	--	3	5226	卖盘
10:39:37	17.42	-0.01	3	5226	卖盘
10:39:32	17.43	--	16	27888	买盘
10:39:27	17.43	0.01	3	5229	买盘
10:39:22	17.42	--	5	8710	卖盘
10:39:07	17.42	--	10	17420	卖盘
10:38:47	17.42	--	2	3484	卖盘
10:38:37	17.42	-0.01	6	10452	卖盘
10:38:07	17.43	--	43	74949	卖盘
10:37:57	17.43	--	2	3486	卖盘
10:37:57	17.43	-0.01	5	8715	卖盘
10:37:47	17.44	--	30	52320	买盘
10:37:37	17.44	--	28	49704	卖盘
10:37:27	17.44	--	21	37496	卖盘
10:37:22	17.44	--	50	87200	卖盘
10:37:17	17.44	--	17	29648	卖盘
10:37:12	17.44	-0.01	13	22672	卖盘
10:37:02	17.45	--	7	12215	买盘
10:36:57	17.45	--	12	20940	买盘
10:36:47	17.45	-0.01	3	5235	中性盘
10:35:57	17.46	--	12	20952	买盘
10:35:37	17.46	--	30	52380	买盘
10:35:17	17.46	--	7	13217	买盘
10:35:07	17.46	0.01	5	8730	买盘
10:34:52	17.45	--	1	2495	买盘
10:34:47	17.45	--	6	11464	卖盘
10:34:37	17.45	--	6	11220	卖盘
10:34:37	17.45	--	20	34900	买盘
10:34:32	17.45	--	10	17450	买盘
10:34:07	17.45	0.02	3	5235	买盘
10:33:52	17.43	-0.02	1	1743	卖盘
10:33:37	17.45	0.03	2	3490	买盘
10:33:12	17.42	--	12	21356	买盘
10:33:07	17.42	0.02	12	20904	买盘
10:32:52	17.4	--	2	3479	卖盘
10:32:42	17.4	0.05	6	10440	买盘
10:32:07	17.35	--	11	19085	卖盘
10:31:57	17.35	--	94	164651	买盘
10:31:52	17.35	--	268	464980	买盘
10:31:47	17.35	--	203	352205	买盘
10:31:42	17.35	--	54	93690	买盘
10:31:37	17.35	--	12	20820	买盘
10:31:32	17.35	--	10	17350	买盘
10:31:27	17.35	--	43	74605	买盘
10:31:22	17.35	--	422	732170	买盘
10:31:17	17.35	--	10	17350	买盘
10:31:07	17.35	0.01	407	706145	买盘
10:30:52	17.34	--	35	60690	卖盘
10:30:47	17.34	-0.01	2	3468	卖盘
10:30:37	17.35	--	23	39905	买盘
10:30:32	17.35	--	32	55520	买盘
10:30:12	17.35	--	2	3470	买盘
10:30:07	17.35	-0.05	437	758368	卖盘
10:29:52	17.4	0.01	29	52025	买盘
10:29:42	17.39	--	8	13912	卖盘
10:29:22	17.39	--	3	5217	卖盘
10:29:07	17.39	--	10	17390	卖盘
10:28:57	17.39	-0.01	6	10434	卖盘
10:28:52	17.4	0.01	10	17400	买盘
10:28:42	17.39	-0.03	5	8695	卖盘
10:28:37	17.42	0.02	63	111035	买盘
10:28:22	17.4	--	25	43500	卖盘
10:27:52	17.4	-0.03	20	34800	卖盘
10:27:37	17.43	0.03	37	64491	买盘
10:27:27	17.4	-0.03	6	10892	卖盘
10:27:12	17.43	--	4	7425	卖盘
10:26:57	17.43	0.03	45	79724	买盘
10:26:42	17.4	--	10	17400	卖盘
10:26:37	17.4	--	6	10440	卖盘
10:26:32	17.4	-0.01	228	396719	卖盘
10:26:17	17.41	0.01	6	10446	中性盘
10:26:12	17.4	-0.01	30	52199	卖盘
10:26:07	17.41	0.01	1	1741	中性盘
10:25:47	17.4	--	28	48719	卖盘
10:25:42	17.4	--	5	8700	卖盘
10:25:27	17.4	-0.03	30	52199	卖盘
10:25:22	17.43	0.03	5	8715	中性盘
10:25:02	17.4	--	8	13919	卖盘
10:24:47	17.4	-0.03	31	53939	卖盘
10:24:42	17.43	0.03	10	17430	买盘
10:24:37	17.4	--	5	8700	卖盘
10:24:27	17.4	0.01	248	431519	买盘
10:24:12	17.39	--	18	31302	买盘
10:23:57	17.39	0.03	3	5217	买盘
10:23:42	17.36	--	0	17	卖盘
10:23:32	17.36	0.01	18	31248	买盘
10:23:27	17.35	-0.01	1	1735	卖盘
10:23:22	17.36	0.01	35	60760	买盘
10:23:17	17.35	-0.01	13	22555	卖盘
10:23:12	17.36	--	5	8680	买盘
10:23:07	17.36	--	15	26040	买盘
10:23:02	17.36	--	37	64232	卖盘
10:22:57	17.36	--	1	1736	卖盘
10:22:22	17.36	-0.04	7	12152	卖盘
10:22:12	17.4	0.05	9	15659	买盘
10:22:07	17.35	--	10	17350	卖盘
10:21:57	17.35	-0.01	42	72870	卖盘
10:21:47	17.36	-0.04	5	8680	卖盘
10:21:42	17.4	0.06	100	174000	买盘
10:21:32	17.34	--	4	8496	卖盘
10:21:07	17.34	-0.06	423	734921	卖盘
10:21:02	17.4	0.04	22	38280	中性盘
10:20:12	17.36	-0.07	442	767312	卖盘
10:20:02	17.43	-0.01	100	174300	卖盘
10:19:57	17.44	-0.02	25	43600	卖盘
10:19:52	17.46	--	11	19206	买盘
10:19:47	17.46	--	27	47142	卖盘
10:19:42	17.46	--	87	151902	卖盘
10:19:37	17.46	--	30	52380	卖盘
10:19:22	17.46	--	50	87300	卖盘
10:19:22	17.46	--	10	17460	卖盘
10:19:17	17.46	--	10	17460	卖盘
10:19:12	17.46	-0.02	58	101268	卖盘
10:19:02	17.48	--	13	22724	卖盘
10:19:02	17.48	0.02	10	17480	中性盘
10:18:32	17.46	-0.02	20	34920	卖盘
10:18:22	17.48	0.02	15	26220	中性盘
10:18:22	17.46	-0.04	3	5238	卖盘
10:18:17	17.5	0.04	9	15750	买盘
10:18:12	17.46	--	40	69840	卖盘
10:17:47	17.46	-0.04	5	8730	卖盘
10:17:42	17.5	0.05	62	108500	买盘
10:17:17	17.45	0.01	191	333295	买盘
10:17:12	17.44	0.01	3	5232	买盘
10:16:57	17.43	0.01	4	6972	买盘
10:16:32	17.42	-0.01	2	3484	卖盘
10:16:17	17.43	0.01	24	41832	买盘
10:16:12	17.42	0.01	18	31356	买盘
10:16:07	17.41	--	2	3482	卖盘
10:15:52	17.41	-0.01	10	17410	卖盘
10:15:42	17.42	--	2	3484	买盘
10:15:37	17.42	0.02	21	36582	买盘
10:15:27	17.4	--	14	24359	卖盘
10:15:02	17.4	--	53	92219	买盘
10:14:57	17.4	--	10	17400	买盘
10:14:52	17.4	--	31	53939	买盘
10:14:47	17.4	--	210	365399	买盘
10:14:37	17.4	--	126	219239	买盘
10:14:32	17.4	--	10	17400	买盘
10:14:22	17.4	--	1	1739	买盘
10:14:17	17.4	--	55	95699	买盘
10:14:12	17.4	--	5	8700	买盘
10:14:07	17.4	--	8	13919	买盘
10:13:47	17.4	0.01	5	8700	买盘
10:13:42	17.39	-0.01	9	15651	卖盘
10:13:32	17.4	--	6	10440	买盘
10:13:27	17.4	--	10	17400	买盘
10:13:22	17.4	0.02	5	8700	买盘
10:13:17	17.38	-0.02	15	26070	卖盘
10:13:07	17.4	--	5	8700	买盘
10:12:57	17.4	0.02	344	598560	买盘
10:12:52	17.38	--	5	8690	卖盘
10:12:42	17.38	--	13	22594	买盘
10:12:37	17.38	--	8	13904	买盘
10:12:27	17.38	--	6	10428	买盘
10:12:17	17.38	0.02	1	1738	买盘
10:12:12	17.36	--	16	27776	卖盘
10:12:07	17.36	--	7	12152	卖盘
10:11:57	17.36	-0.01	18	31248	卖盘
10:11:47	17.37	--	30	53673	买盘
10:11:22	17.37	-0.02	35	60968	卖盘
10:11:17	17.39	--	6	10434	买盘
10:11:12	17.39	0.01	4	6956	卖盘
10:10:57	17.38	-0.01	8	13904	买盘
10:10:52	17.39	-0.01	20	34780	卖盘
10:10:47	17.4	0.01	105	182699	买盘
10:10:42	17.39	--	40	69560	买盘
10:10:37	17.39	0.02	5	8695	买盘
10:10:22	17.37	-0.02	0	1563	卖盘
10:10:17	17.39	--	30	52170	买盘
10:10:12	17.39	0.02	6	10434	买盘
10:10:07	17.37	--	10	17370	卖盘
10:10:02	17.37	--	20	34740	卖盘
10:09:57	17.37	0.04	151	262287	买盘
10:09:52	17.33	-0.02	98	169833	卖盘
10:09:42	17.35	0.01	27	46845	买盘
10:09:37	17.34	-0.01	38	65892	卖盘
10:09:27	17.35	0.01	32	55520	买盘
10:09:22	17.34	-0.01	10	17340	中性盘
10:09:12	17.35	--	1	1735	买盘
10:09:07	17.35	--	22	38170	卖盘
10:09:02	17.35	-0.01	34	58990	卖盘
10:08:52	17.36	-0.01	37	64232	中性盘
10:08:27	17.37	0.01	61	105957	买盘
10:08:17	17.36	-0.02	115	199640	卖盘
10:08:07	17.38	--	2	3476	买盘
10:07:52	17.38	--	23	39974	卖盘
10:07:47	17.38	--	15	26070	卖盘
10:07:37	17.38	-0.02	91	158158	卖盘
10:07:32	17.4	--	5	8700	买盘
10:07:27	17.4	-0.02	387	673380	卖盘
10:07:12	17.42	-0.02	99	172632	卖盘
10:07:02	17.44	0.01	1	1744	买盘
10:06:57	17.43	-0.01	150	261450	卖盘
10:06:37	17.44	-0.03	50	87200	卖盘
10:06:27	17.47	0.02	10	17470	买盘
10:06:22	17.45	-0.02	110	191950	卖盘
10:06:17	17.47	-0.02	53	92591	卖盘
10:05:52	17.49	--	70	123724	卖盘
10:05:32	17.49	-0.03	10	17490	卖盘
10:05:17	17.52	0.02	350	613200	买盘
10:05:12	17.5	0.01	1	1750	买盘
10:05:02	17.49	--	46	80454	卖盘
10:04:47	17.49	--	7	12242	卖盘
10:04:37	17.49	--	10	17490	卖盘
10:04:32	17.49	--	1	1748	卖盘
10:04:22	17.49	0.04	8	14446	买盘
10:04:17	17.45	--	100	174500	卖盘
10:04:12	17.45	-0.02	27	47115	卖盘
10:04:02	17.47	--	40	69880	卖盘
10:03:57	17.47	0.02	108	190248	买盘
10:03:52	17.45	0.02	79	137855	买盘
10:03:47	17.43	-0.02	23	40089	卖盘
10:03:42	17.45	0.02	101	176245	买盘
10:03:37	17.43	--	9	15861	卖盘
10:03:32	17.43	--	42	73206	卖盘
10:03:27	17.43	--	20	34860	卖盘
10:03:22	17.43	0.01	15	26145	买盘
10:03:17	17.42	-0.01	6	10452	买盘
10:03:12	17.43	-0.02	6	10458	卖盘
10:03:07	17.45	--	2	3490	买盘
10:03:02	17.45	-0.02	5	8725	卖盘
10:02:57	17.47	0.01	5	8735	买盘
10:02:47	17.46	-0.04	38	66348	卖盘
10:02:42	17.5	--	10	17500	买盘
10:02:37	17.5	--	16	28000	买盘
10:02:32	17.5	--	20	35000	买盘
10:02:27	17.5	--	228	399000	卖盘
10:02:22	17.5	--	4	7000	卖盘
10:02:17	17.5	--	133	232750	卖盘
10:02:12	17.5	-0.01	13	22750	卖盘
10:02:02	17.51	0.01	5	8755	买盘
10:02:02	17.5	-0.01	52	91000	卖盘
10:01:57	17.51	--	7	12257	买盘
10:01:52	17.51	--	18	31518	买盘
10:01:47	17.51	--	30	52530	卖盘
10:01:37	17.51	--	22	38522	卖盘
10:01:32	17.51	--	100	175100	卖盘
10:01:27	17.51	-0.01	18	31518	卖盘
10:01:17	17.52	--	36	63247	卖盘
10:01:12	17.52	-0.01	10	19096	卖盘
10:01:07	17.53	--	8	14024	卖盘
10:01:02	17.53	--	20	35060	卖盘
10:00:52	17.53	--	64	112192	卖盘
10:00:47	17.53	-0.01	64	112192	卖盘
10:00:42	17.54	0.01	10	17540	中性盘
10:00:27	17.53	-0.03	152	266456	卖盘
10:00:07	17.56	0.03	39	68484	买盘
10:00:02	17.53	-0.01	28	49084	卖盘
09:59:47	17.54	--	41	71914	买盘
09:59:42	17.54	--	59	103486	卖盘
09:59:32	17.54	-0.02	22	38588	卖盘
09:59:17	17.56	-0.01	3	5268	中性盘
09:59:07	17.57	0.02	60	105420	买盘
09:59:02	17.55	-0.02	144	254299	卖盘
09:58:52	17.57	--	4	7028	卖盘
09:58:47	17.57	--	4	7028	卖盘
09:58:32	17.57	--	23	40411	买盘
09:58:22	17.57	--	14	24598	买盘
09:58:17	17.57	--	14	24598	买盘
09:58:12	17.57	-0.01	12	21084	卖盘
09:57:57	17.58	--	11	19337	卖盘
09:57:47	17.58	--	1	1757	卖盘
09:57:37	17.58	-0.02	30	52739	卖盘
09:57:32	17.6	0.03	79	139040	买盘
09:57:17	17.57	0.02	7	12299	买盘
09:57:12	17.55	-0.01	3	5265	卖盘
09:57:07	17.56	--	7	12292	买盘
09:57:02	17.56	--	5	8780	买盘
09:56:57	17.56	--	5	8780	卖盘
09:56:47	17.56	0.01	5	8780	中性盘
09:56:42	17.55	-0.01	5	8775	卖盘
09:56:32	17.56	-0.03	4	7023	中性盘
09:56:22	17.59	0.04	106	186454	买盘
09:56:17	17.55	--	7	12285	卖盘
09:56:02	17.55	-0.01	136	238680	卖盘
09:55:47	17.56	0.01	30	52679	买盘
09:55:42	17.55	-0.01	82	143910	卖盘
09:55:37	17.56	0.01	9	15803	买盘
09:55:32	17.55	-0.01	12	21060	卖盘
09:55:27	17.56	--	2	3511	买盘
09:55:12	17.56	--	2	3511	买盘
09:55:07	17.56	0.01	25	43900	买盘
09:55:02	17.55	-0.01	18	31590	卖盘
09:54:57	17.56	--	58	101847	卖盘
09:54:52	17.56	--	15	26339	卖盘
09:54:42	17.56	-0.02	30	52679	卖盘
09:54:37	17.58	--	10	17580	买盘
09:54:32	17.58	--	20	35160	买盘
09:54:27	17.58	--	8	14063	买盘
09:54:22	17.58	--	13	22853	卖盘
09:54:12	17.58	--	64	112511	卖盘
09:54:07	17.58	-0.01	11	19337	卖盘
09:54:02	17.59	--	2	3518	买盘
09:53:57	17.59	0.01	39	68601	买盘
09:53:42	17.58	0.03	2	3515	卖盘
09:53:37	17.55	-0.03	139	243945	卖盘
09:53:27	17.58	-0.01	0	175	卖盘
09:53:22	17.59	0.03	52	91468	买盘
09:53:12	17.56	--	6	10536	卖盘
09:53:07	17.56	--	10	17560	卖盘
09:53:02	17.56	--	39	68484	卖盘
09:52:57	17.56	--	48	84288	卖盘
09:52:52	17.56	0.01	50	87800	买盘
09:52:47	17.55	--	7	12285	买盘
09:52:42	17.55	--	25	43875	卖盘
09:52:32	17.55	-0.01	27	47385	卖盘
09:52:27	17.56	--	7	12292	买盘
09:52:22	17.56	--	15	26339	卖盘
09:52:07	17.56	-0.03	10	17560	卖盘
09:51:57	17.59	--	5	8795	买盘
09:51:42	17.59	--	28	49252	卖盘
09:51:37	17.59	-0.01	16	28144	卖盘
09:51:27	17.6	--	3	5280	买盘
09:51:17	17.6	--	7	12320	买盘
09:51:12	17.6	--	11	20662	卖盘
09:51:07	17.6	-0.01	0	457	卖盘
09:50:57	17.61	0.01	1	1761	中性盘
09:50:52	17.6	-0.02	251	441760	卖盘
09:50:42	17.62	--	5	8810	买盘
09:50:37	17.62	0.01	8	14096	中性盘
09:50:27	17.61	-0.03	227	399747	卖盘
09:50:22	17.64	--	7	12348	卖盘
09:50:02	17.64	-0.02	600	1058400	卖盘
09:49:52	17.66	--	10	17660	卖盘
09:49:47	17.66	--	30	52980	卖盘
09:49:42	17.66	-0.01	70	123620	卖盘
09:49:37	17.67	--	3	5301	卖盘
09:49:22	17.67	-0.02	20	35340	卖盘
09:49:17	17.69	0.02	20	35380	买盘
09:49:07	17.67	--	11	19437	卖盘
09:49:02	17.67	-0.02	10	17670	中性盘
09:48:42	17.69	0.02	8	14152	买盘
09:48:32	17.67	--	2	3534	买盘
09:48:27	17.67	-0.02	0	1307	卖盘
09:48:22	17.69	0.02	50	88450	买盘
09:48:07	17.67	-0.03	16	28272	卖盘
09:47:57	17.7	0.02	83	147352	买盘
09:47:47	17.68	-0.02	33	58344	卖盘
09:47:42	17.7	--	50	88500	买盘
09:47:27	17.7	0.03	30	53100	买盘
09:47:17	17.67	--	36	63629	卖盘
09:47:12	17.67	-0.01	46	81282	卖盘
09:47:07	17.68	--	5	8840	买盘
09:47:02	17.68	--	7	12376	买盘
09:46:52	17.68	--	2	5286	卖盘
09:46:37	17.68	--	8	14144	卖盘
09:46:12	17.68	--	9	15912	卖盘
09:46:07	17.68	--	10	17697	买盘
09:46:02	17.68	0.01	14	24752	买盘
09:45:47	17.67	--	62	109554	买盘
09:45:42	17.67	--	3	5301	买盘
09:45:32	17.67	0.01	1	1767	中性盘
09:45:27	17.66	-0.01	4	7064	卖盘
09:45:17	17.67	--	1	1767	买盘
09:45:07	17.67	--	2	3534	卖盘
09:45:02	17.67	--	13	22971	买盘
09:44:57	17.67	-0.01	34	60078	卖盘
09:44:47	17.68	0.01	20	35360	买盘
09:44:42	17.67	--	5	8835	卖盘
09:44:32	17.67	-0.01	22	38874	卖盘
09:44:32	17.68	0.01	1	1768	买盘
09:44:22	17.67	--	1	1767	卖盘
09:44:07	17.67	--	34	60078	买盘
09:44:02	17.67	--	2	3534	买盘
09:43:47	17.67	-0.01	2	3534	中性盘
09:43:22	17.68	--	20	35360	买盘
09:43:12	17.68	--	22	38896	买盘
09:42:57	17.68	--	51	90168	买盘
09:42:47	17.68	-0.02	8	14144	卖盘
09:42:42	17.7	--	22	38940	卖盘
09:42:32	17.7	--	20	35400	卖盘
09:42:17	17.7	--	1	1770	卖盘
09:42:12	17.7	0.02	5	8850	卖盘
09:42:02	17.68	0.01	2	3536	买盘
09:41:52	17.67	-0.01	5	8835	中性盘
09:41:47	17.68	0.01	5	8840	买盘
09:41:32	17.67	-0.01	18	31806	卖盘
09:41:27	17.68	--	5	8840	卖盘
09:41:17	17.68	-0.03	25	44200	中性盘
09:41:02	17.71	0.04	50	88550	买盘
09:40:57	17.67	-0.03	14	24738	卖盘
09:40:52	17.7	0.03	8	14160	中性盘
09:40:32	17.67	-0.04	66	116622	卖盘
09:40:27	17.71	--	7	12397	卖盘
09:40:22	17.71	-0.01	5	8855	卖盘
09:40:17	17.72	0.01	54	95688	买盘
09:40:12	17.71	0.01	59	104489	买盘
09:40:02	17.7	--	10	17700	买盘
09:39:52	17.7	-0.01	79	139830	卖盘
09:39:42	17.71	0.03	5	8855	买盘
09:39:27	17.68	-0.02	11	19448	买盘
09:39:22	17.7	--	100	177000	买盘
09:38:52	17.7	--	39	69030	卖盘
09:38:32	17.7	--	10	17700	卖盘
09:38:27	17.7	0.04	79	139830	买盘
09:38:22	17.66	-0.04	7	12362	卖盘
09:38:17	17.7	--	10	17700	买盘
09:38:02	17.7	0.04	1	1770	买盘
09:37:57	17.66	-0.04	10	17660	卖盘
09:37:52	17.7	0.04	3	5310	买盘
09:37:47	17.66	--	15	26490	卖盘
09:37:32	17.66	--	22	38852	买盘
09:37:17	17.66	--	5	8830	买盘
09:37:12	17.66	-0.04	15	26490	买盘
09:36:47	17.7	--	18	31860	卖盘
09:36:42	17.7	0.07	82	145140	买盘
09:36:32	17.63	--	1	1763	买盘
09:36:27	17.63	-0.08	129	227427	卖盘
09:35:57	17.71	0.06	5	8855	买盘
09:35:52	17.65	-0.01	9	15884	中性盘
09:35:32	17.66	0.01	3	5298	买盘
09:35:12	17.65	0.01	30	52949	买盘
09:35:07	17.64	--	10	17640	买盘
09:35:02	17.64	-0.01	275	485100	卖盘
09:34:57	17.65	--	5	8825	卖盘
09:34:52	17.65	--	30	52949	卖盘
09:34:42	17.65	--	5	8825	卖盘
09:34:37	17.65	0.01	8	14119	买盘
09:34:32	17.64	-0.01	30	52920	卖盘
09:34:22	17.65	--	18	31769	买盘
09:34:17	17.65	--	3	5295	卖盘
09:34:12	17.65	-0.01	5	8825	卖盘
09:34:02	17.66	--	115	203090	买盘
09:33:52	17.66	-0.02	13	24282	卖盘
09:33:42	17.68	-0.02	15	26962	卖盘
09:33:32	17.7	--	1	1770	买盘
09:33:27	17.7	--	10	17700	买盘
09:33:22	17.7	--	4	7080	卖盘
09:33:17	17.7	-0.01	21	37170	卖盘
09:33:12	17.71	0.01	10	17710	中性盘
09:32:47	17.7	-0.02	12	21240	卖盘
09:32:42	17.72	--	10	17720	买盘
09:32:32	17.72	0.02	11	19492	买盘
09:32:27	17.7	-0.02	1	1770	卖盘
09:32:17	17.72	0.02	1	1772	买盘
09:31:57	17.7	-0.02	7	12390	中性盘
09:31:42	17.72	0.04	48	85056	买盘
09:31:37	17.68	--	3	5304	买盘
09:31:27	17.68	-0.04	37	65416	卖盘
09:31:07	17.72	--	2	3544	买盘
09:31:02	17.72	-0.01	15	26580	中性盘
09:30:32	17.73	0.1	76	134748	买盘
09:30:07	17.63	-0.17	219	386097	卖盘
09:25:02	17.8	17.8	72	128160	买盘
