成交时间	成交价	价格变动	成交量(手)	成交额(元)	性质
15:00:03	12.91	0.01	2	2582	买盘
14:59:58	12.9	0.02	26	33540	买盘
14:59:53	12.88	-0.02	621	800002	卖盘
14:59:48	12.9	--	46	60475	卖盘
14:59:43	12.9	--	127	164707	卖盘
14:59:38	12.9	-0.01	102	131580	卖盘
14:59:33	12.91	--	130	168346	卖盘
14:59:28	12.91	0.01	1033	1333654	买盘
14:59:23	12.9	--	108	140352	卖盘
14:59:18	12.9	-0.01	397	513007	卖盘
14:59:13	12.91	--	64	82624	买盘
14:59:08	12.91	--	513	662334	卖盘
14:59:03	12.91	--	359	464243	买盘
14:58:58	12.91	--	38	49058	买盘
14:58:53	12.91	--	182	235994	买盘
14:58:48	12.91	--	40	51640	买盘
14:58:43	12.91	--	138	179190	买盘
14:58:38	12.91	--	530	684230	买盘
14:58:33	12.91	--	17	22721	买盘
14:58:28	12.91	-0.01	146	188692	卖盘
14:58:23	12.92	0.01	166	214472	买盘
14:58:18	12.91	--	70	90370	卖盘
14:58:13	12.91	-0.01	48	61968	卖盘
14:58:08	12.92	0.01	28	36176	买盘
14:58:03	12.91	--	178	230830	卖盘
14:57:58	12.91	--	385	497086	卖盘
14:57:53	12.91	--	170	219470	卖盘
14:57:48	12.91	--	325	419626	卖盘
14:57:43	12.91	-0.01	143	185800	卖盘
14:57:38	12.92	--	144	187288	买盘
14:57:33	12.92	0.01	626	809308	买盘
14:57:28	12.91	--	8	10328	买盘
14:57:23	12.91	--	287	371394	买盘
14:57:18	12.91	--	110	142010	买盘
14:57:13	12.91	-0.02	332	429438	卖盘
14:57:08	12.93	0.03	1018	1316274	买盘
14:57:03	12.9	-0.01	104	134366	卖盘
14:56:58	12.91	-0.01	469	605530	卖盘
14:56:53	12.92	--	74	96124	卖盘
14:56:48	12.92	--	1101	1422543	买盘
14:56:43	12.92	0.01	213	276074	买盘
14:56:38	12.91	--	56	72296	卖盘
14:56:33	12.91	--	172	222258	卖盘
14:56:28	12.91	-0.01	10	12910	卖盘
14:56:23	12.92	0.01	291	376230	买盘
14:56:18	12.91	--	554	715214	卖盘
14:56:13	12.91	-0.02	215	278339	卖盘
14:56:08	12.93	0.01	274	355212	买盘
14:55:58	12.92	0.01	546	705432	买盘
14:55:48	12.91	-0.01	13	16834	卖盘
14:55:43	12.92	--	180	233696	卖盘
14:55:33	12.92	-0.01	754	975098	卖盘
14:55:23	12.93	--	2299	2973382	卖盘
14:55:18	12.93	0.01	637	824623	买盘
14:55:08	12.92	-0.01	2459	3178009	卖盘
14:55:03	12.93	--	559	723873	买盘
14:54:53	12.93	0.01	146	189605	买盘
14:54:48	12.92	--	16	21912	卖盘
14:54:43	12.92	--	26	34005	卖盘
14:54:38	12.92	-0.01	28	36486	卖盘
14:54:33	12.93	--	79	103129	买盘
14:54:28	12.93	0.01	28	36204	买盘
14:54:23	12.92	--	72	93644	买盘
14:54:18	12.92	0.01	59	76279	卖盘
14:54:13	12.91	--	13	17351	卖盘
14:54:08	12.91	--	315	406716	卖盘
14:54:03	12.91	-0.01	37	48541	卖盘
14:53:58	12.92	0.02	20	25840	买盘
14:53:53	12.9	-0.02	41	53457	卖盘
14:53:48	12.92	--	14	18088	买盘
14:53:43	12.92	--	2	2584	买盘
14:53:33	12.92	--	8	10336	买盘
14:53:33	12.92	-0.02	235	303878	卖盘
14:53:28	12.94	--	1190	1539860	卖盘
14:53:23	12.94	--	1703	2203733	卖盘
14:53:18	12.94	--	21	28053	卖盘
14:53:13	12.94	0.02	3592	4648772	买盘
14:53:08	12.92	0.02	100	129200	买盘
14:53:03	12.9	-0.02	258	333439	卖盘
14:52:58	12.92	--	2430	3140800	买盘
14:52:48	12.92	-0.01	268	347289	中性盘
14:52:48	12.93	0.01	920	1190594	买盘
14:52:43	12.92	--	291	376230	卖盘
14:52:38	12.92	--	142	183464	卖盘
14:52:33	12.92	--	367	474319	卖盘
14:52:28	12.92	0.01	506	654992	买盘
14:52:23	12.91	-0.01	586	757765	卖盘
14:52:18	12.92	0.01	239	308839	买盘
14:52:13	12.91	0.01	901	1163449	中性盘
14:52:08	12.9	-0.01	666	860378	卖盘
14:52:03	12.91	--	273	352907	买盘
14:51:58	12.91	-0.01	158	203978	卖盘
14:51:53	12.92	0.01	900	1162903	买盘
14:51:48	12.91	0.01	545	703646	买盘
14:51:43	12.9	--	326	421262	卖盘
14:51:38	12.9	--	148	190920	卖盘
14:51:33	12.9	-0.01	203	262644	卖盘
14:51:28	12.91	0.01	539	695900	买盘
14:51:23	12.9	--	79	102684	卖盘
14:51:18	12.9	--	268	346339	卖盘
14:51:13	12.9	--	60	78328	买盘
14:51:08	12.9	--	199	256968	买盘
14:50:58	12.9	--	836	1079678	买盘
14:50:58	12.9	--	68	88132	买盘
14:50:53	12.9	0.01	404	522398	买盘
14:50:48	12.89	-0.01	273	353082	卖盘
14:50:43	12.9	0.01	142	183180	买盘
14:50:38	12.89	--	121	156329	卖盘
14:50:33	12.89	--	5	6496	卖盘
14:50:28	12.89	--	694	895184	买盘
14:50:23	12.89	--	178	229442	买盘
14:50:18	12.89	--	273	352670	买盘
14:50:13	12.89	0.01	13	16808	买盘
14:50:08	12.88	--	96	124369	卖盘
14:49:58	12.88	--	993	1279241	买盘
14:49:53	12.88	--	16	21844	买盘
14:49:48	12.88	0.01	405	522721	买盘
14:49:43	12.87	-0.01	35	45302	卖盘
14:49:38	12.88	0.01	256	330243	买盘
14:49:33	12.87	--	60	77220	卖盘
14:49:28	12.87	-0.01	3	3912	卖盘
14:49:23	12.88	0.01	62	79856	买盘
14:49:18	12.87	--	115	148262	卖盘
14:49:08	12.87	--	15	19768	卖盘
14:49:03	12.87	--	308	396396	卖盘
14:48:58	12.87	--	223	288185	卖盘
14:48:53	12.87	-0.01	56	73101	卖盘
14:48:48	12.88	--	12	15559	中性盘
14:48:43	12.88	0.01	2	2576	买盘
14:48:33	12.87	-0.01	24	31608	卖盘
14:48:33	12.88	0.02	9	11643	买盘
14:48:28	12.86	-0.02	14	18518	卖盘
14:48:23	12.88	0.01	56	72128	买盘
14:48:18	12.87	0.01	43	56422	卖盘
14:48:08	12.86	-0.03	37	47942	卖盘
14:47:58	12.89	0.01	73	94457	买盘
14:47:53	12.88	0.02	16	20608	买盘
14:47:48	12.86	-0.03	186	239504	卖盘
14:47:43	12.89	0.02	100	128900	买盘
14:47:38	12.87	--	136	175340	卖盘
14:47:28	12.87	--	1102	1418788	买盘
14:47:13	12.87	0.01	70	91325	买盘
14:47:08	12.86	-0.02	47	61213	卖盘
14:47:03	12.88	--	611	787019	买盘
14:46:53	12.88	--	135	173931	买盘
14:46:48	12.88	0.01	59	76558	买盘
14:46:43	12.87	--	348	447876	卖盘
14:46:38	12.87	--	84	109240	卖盘
14:46:33	12.87	--	37	47670	卖盘
14:46:28	12.87	-0.01	16	20900	卖盘
14:46:23	12.88	--	48	63060	买盘
14:46:18	12.88	--	54	70479	买盘
14:46:13	12.88	--	246	316848	买盘
14:46:08	12.88	--	56	72334	买盘
14:46:03	12.88	--	99	127563	卖盘
14:45:58	12.88	--	39	51107	卖盘
14:45:53	12.88	-0.01	114	148068	中性盘
14:45:48	12.89	--	118	153236	买盘
14:45:43	12.89	0.01	22	28358	买盘
14:45:38	12.88	-0.01	48	62339	卖盘
14:45:33	12.89	0.01	400	515600	买盘
14:45:28	12.88	--	93	119938	卖盘
14:45:23	12.88	-0.01	30	39876	卖盘
14:45:18	12.89	--	31	40216	买盘
14:45:13	12.89	--	110	143027	买盘
14:45:08	12.89	0.01	43	56612	买盘
14:45:03	12.88	-0.01	4	6388	卖盘
14:44:58	12.89	--	77	100335	买盘
14:44:53	12.89	--	16	20624	买盘
14:44:48	12.89	-0.01	58	75277	买盘
14:44:43	12.9	--	162	209186	买盘
14:44:38	12.9	0.01	26	34778	买盘
14:44:33	12.89	-0.01	41	53106	卖盘
14:44:28	12.9	--	20	25800	买盘
14:44:23	12.9	0.01	202	261302	买盘
14:44:18	12.89	-0.01	2	2578	卖盘
14:44:13	12.9	--	150	193809	买盘
14:44:08	12.9	0.01	2	3818	买盘
14:44:03	12.89	-0.01	59	76824	卖盘
14:43:58	12.9	--	22	28380	买盘
14:43:53	12.9	--	77	100516	买盘
14:43:48	12.9	0.03	9	11661	买盘
14:43:43	12.87	--	124	159588	卖盘
14:43:38	12.87	-0.03	22	28314	卖盘
14:43:33	12.9	0.03	20	25800	买盘
14:43:28	12.87	--	89	115624	卖盘
14:43:23	12.87	--	12	15443	卖盘
14:43:18	12.87	0.01	88	113461	中性盘
14:43:08	12.86	-0.01	464	596704	卖盘
14:43:03	12.87	--	122	157014	买盘
14:42:58	12.87	--	64	82368	买盘
14:42:53	12.87	--	80	104195	买盘
14:42:48	12.87	-0.03	125	161647	卖盘
14:42:38	12.9	--	47	61300	卖盘
14:42:33	12.9	0.04	5516	7116878	买盘
14:42:28	12.86	--	108	139711	卖盘
14:42:23	12.86	--	43	55349	卖盘
14:42:18	12.86	--	384	494132	卖盘
14:42:13	12.86	--	100	129834	卖盘
14:42:08	12.86	-0.01	81	105040	卖盘
14:42:03	12.87	0.01	74	96473	买盘
14:41:58	12.86	--	42	54217	卖盘
14:41:53	12.86	0.01	199	256376	买盘
14:41:48	12.85	--	139	179591	卖盘
14:41:43	12.85	-0.01	50	65483	卖盘
14:41:38	12.86	--	83	107509	买盘
14:41:33	12.86	0.01	194	249484	买盘
14:41:28	12.85	-0.01	439	565194	卖盘
14:41:23	12.86	0.01	66	86110	买盘
14:41:18	12.85	--	155	200357	卖盘
14:41:13	12.85	-0.01	151	194600	卖盘
14:41:08	12.86	--	140	180863	买盘
14:41:03	12.86	0.01	1016	1307810	买盘
14:40:58	12.85	--	399	513383	卖盘
14:40:53	12.85	--	3	3906	卖盘
14:40:48	12.85	0.01	130	167255	中性盘
14:40:43	12.84	--	1483	1904223	卖盘
14:40:38	12.84	--	208	267996	买盘
14:40:33	12.84	0.01	120	154080	买盘
14:40:28	12.83	-0.01	86	111364	卖盘
14:40:23	12.84	--	24	31124	买盘
14:40:18	12.84	--	357	459158	买盘
14:40:13	12.84	0.01	40	52592	买盘
14:40:08	12.83	-0.01	51	65586	卖盘
14:40:03	12.84	0.01	13	16743	买盘
14:39:58	12.83	-0.01	32	41056	卖盘
14:39:53	12.84	--	56	71904	买盘
14:39:48	12.84	--	84	108575	买盘
14:39:43	12.84	0.01	40	52592	买盘
14:39:38	12.83	-0.01	95	122141	卖盘
14:39:33	12.84	--	5	6471	买盘
14:39:28	12.84	-0.01	142	183149	卖盘
14:39:23	12.85	0.01	10	14083	买盘
14:39:18	12.84	--	295	378831	卖盘
14:39:08	12.84	--	60	77450	卖盘
14:39:03	12.84	--	14	17976	卖盘
14:38:58	12.84	--	1020	1309680	卖盘
14:38:48	12.84	--	105	136001	卖盘
14:38:43	12.84	0.01	25	32151	中性盘
14:38:38	12.83	-0.01	30	38490	卖盘
14:38:33	12.84	0.01	10	12840	买盘
14:38:28	12.83	-0.02	173	222831	卖盘
14:38:23	12.85	0.02	156	200460	买盘
14:38:18	12.83	--	82	105308	卖盘
14:38:13	12.83	--	799	1025784	买盘
14:38:08	12.83	--	116	150059	卖盘
14:38:03	12.83	--	291	374020	卖盘
14:37:53	12.83	-0.01	232	297656	卖盘
14:37:48	12.84	--	109	140418	买盘
14:37:38	12.84	0.01	69	89058	买盘
14:37:33	12.83	-0.01	1	1334	卖盘
14:37:28	12.84	--	68	87312	买盘
14:37:23	12.84	0.01	56	71904	买盘
14:37:18	12.83	--	71	92273	卖盘
14:37:13	12.83	--	2	3181	卖盘
14:37:08	12.83	-0.01	132	170177	卖盘
14:37:03	12.84	--	12	15408	买盘
14:36:58	12.84	--	56	72417	买盘
14:36:53	12.84	--	236	304256	买盘
14:36:48	12.84	--	77	99330	买盘
14:36:38	12.84	0.01	28	37081	买盘
14:36:33	12.83	-0.01	9	11598	卖盘
14:36:28	12.84	0.01	49	63789	买盘
14:36:23	12.83	--	19	24428	卖盘
14:36:18	12.83	-0.01	37	48240	卖盘
14:36:13	12.84	0.01	104	133536	买盘
14:36:08	12.83	-0.01	100	129121	卖盘
14:36:03	12.84	--	8	10272	卖盘
14:35:58	12.84	--	47	61529	买盘
14:35:53	12.84	--	18	23420	卖盘
14:35:48	12.84	--	18	24139	卖盘
14:35:38	12.84	--	38	49819	买盘
14:35:33	12.84	0.01	36	46224	卖盘
14:35:28	12.83	-0.02	134	172024	卖盘
14:35:23	12.85	0.01	20	25700	买盘
14:35:18	12.84	0.01	212	273235	中性盘
14:35:13	12.83	-0.01	430	552511	卖盘
14:35:08	12.84	-0.01	617	792382	卖盘
14:35:03	12.85	--	22	29503	买盘
14:34:58	12.85	0.01	359	461366	买盘
14:34:53	12.84	-0.01	332	426288	卖盘
14:34:48	12.85	--	304	391668	买盘
14:34:43	12.85	0.01	2223	2856606	买盘
14:34:38	12.84	-0.01	153	197325	卖盘
14:34:33	12.85	--	136	175376	买盘
14:34:28	12.85	--	36	46568	买盘
14:34:23	12.85	0.01	76	98585	买盘
14:34:13	12.84	-0.01	12	16332	卖盘
14:34:13	12.85	0.01	250	322483	买盘
14:34:08	12.84	--	43	55776	卖盘
14:34:03	12.84	-0.01	8	11504	卖盘
14:33:58	12.85	0.01	42	54998	买盘
14:33:53	12.84	--	10	12840	卖盘
14:33:48	12.84	--	47	61221	卖盘
14:33:43	12.84	--	34	43656	卖盘
14:33:38	12.84	0.01	73	93988	买盘
14:33:33	12.83	-0.01	68	88373	卖盘
14:33:28	12.84	0.01	13	16743	买盘
14:33:23	12.83	-0.01	38	49985	卖盘
14:33:18	12.84	0.01	78	101384	买盘
14:33:13	12.83	-0.01	30	39311	卖盘
14:33:08	12.84	0.01	4	5136	买盘
14:33:03	12.83	-0.01	75	97200	卖盘
14:32:58	12.84	--	70	91112	卖盘
14:32:53	12.84	-0.01	27	34719	卖盘
14:32:48	12.85	0.02	1	1336	买盘
14:32:43	12.83	--	268	343946	卖盘
14:32:33	12.83	-0.01	49	63739	卖盘
14:32:28	12.84	--	16	20544	买盘
14:32:23	12.84	--	327	420535	买盘
14:32:18	12.84	0.01	8	10272	买盘
14:32:13	12.83	-0.01	685	879419	卖盘
14:32:08	12.84	0.01	26	33384	中性盘
14:32:03	12.83	-0.02	436	560003	卖盘
14:31:58	12.85	0.01	286	367510	买盘
14:31:53	12.84	-0.01	188	241597	卖盘
14:31:48	12.85	0.02	136	174760	买盘
14:31:43	12.83	--	534	685943	卖盘
14:31:38	12.83	--	80	102640	卖盘
14:31:33	12.83	0.01	1821	2337112	买盘
14:31:28	12.82	--	34	44818	卖盘
14:31:23	12.82	-0.01	1058	1356561	卖盘
14:31:18	12.83	--	30	38490	买盘
14:31:13	12.83	--	101	129634	买盘
14:31:08	12.83	-0.01	5052	6482947	卖盘
14:31:03	12.84	--	104	133638	卖盘
14:30:58	12.84	--	635	815391	买盘
14:30:53	12.84	--	98	127064	买盘
14:30:48	12.84	0.01	16	20544	买盘
14:30:43	12.83	-0.01	44	57067	卖盘
14:30:38	12.84	0.01	7	9039	买盘
14:30:33	12.83	--	202	260397	卖盘
14:30:28	12.83	--	13	16730	卖盘
14:30:23	12.83	--	144	185265	买盘
14:30:18	12.83	0.01	182	233506	买盘
14:30:13	12.82	-0.01	70	89740	卖盘
14:30:08	12.83	0.01	3	3900	买盘
14:30:03	12.82	-0.01	81	104918	卖盘
14:29:58	12.83	--	25	33255	买盘
14:29:53	12.83	--	131	168124	买盘
14:29:48	12.83	0.01	80	103871	买盘
14:29:43	12.82	--	82	105329	卖盘
14:29:38	12.82	--	210	270450	卖盘
14:29:33	12.82	-0.01	269	345934	卖盘
14:29:28	12.83	0.01	22	28226	买盘
14:29:23	12.82	-0.01	50	65330	卖盘
14:29:18	12.83	--	10	14061	买盘
14:29:13	12.83	--	51	65689	买盘
14:29:08	12.83	--	14	18167	买盘
14:29:03	12.83	0.01	215	276409	买盘
14:28:58	12.82	-0.01	17	21845	卖盘
14:28:53	12.83	-0.01	140	180851	卖盘
14:28:48	12.84	-0.01	49	62967	中性盘
14:28:43	12.85	0.01	490	630883	买盘
14:28:38	12.84	-0.01	44	56496	卖盘
14:28:33	12.85	0.01	391	503514	买盘
14:28:28	12.84	--	390	500760	卖盘
14:28:23	12.84	-0.01	1401	1799551	卖盘
14:28:18	12.85	0.01	153	196862	买盘
14:28:13	12.84	--	173	223313	卖盘
14:28:08	12.84	-0.01	80	102720	卖盘
14:28:03	12.85	0.01	222	285989	买盘
14:27:58	12.84	--	376	482784	卖盘
14:27:53	12.84	--	351	451454	卖盘
14:27:48	12.84	--	576	739584	卖盘
14:27:43	12.84	-0.01	154	197736	卖盘
14:27:38	12.85	0.01	348	448105	买盘
14:27:28	12.84	--	381	489666	卖盘
14:27:23	12.84	--	142	183355	卖盘
14:27:18	12.84	0.01	623	800907	买盘
14:27:08	12.83	-0.01	15	19398	卖盘
14:26:58	12.84	0.01	6	7704	买盘
14:26:58	12.83	-0.01	478	613376	卖盘
14:26:53	12.84	-0.01	672	863669	卖盘
14:26:48	12.85	--	753	967656	卖盘
14:26:43	12.85	--	458	589249	卖盘
14:26:33	12.85	--	639	821680	卖盘
14:26:33	12.85	--	58	75044	卖盘
14:26:28	12.85	0.01	2946	3786843	买盘
14:26:23	12.84	0.01	116	149046	买盘
14:26:18	12.83	-0.01	722	926326	卖盘
14:26:13	12.84	0.01	171	220026	买盘
14:26:08	12.83	--	70	91041	卖盘
14:26:03	12.83	-0.01	185	237816	卖盘
14:25:58	12.84	0.01	25	32151	买盘
14:25:48	12.83	-0.01	161	206819	卖盘
14:25:48	12.84	--	10	12840	买盘
14:25:43	12.84	--	72	93064	买盘
14:25:38	12.84	--	979	1257703	卖盘
14:25:28	12.84	-0.01	228	292957	卖盘
14:25:28	12.85	0.01	49	63016	买盘
14:25:23	12.84	--	109	140212	卖盘
14:25:18	12.84	--	169	218177	卖盘
14:25:13	12.84	--	75	97173	卖盘
14:25:08	12.84	-0.01	290	372873	卖盘
14:25:03	12.85	--	336	431760	买盘
14:24:58	12.85	0.01	38	48830	买盘
14:24:53	12.84	-0.01	170	218793	卖盘
14:24:48	12.85	--	160	206833	买盘
14:24:43	12.85	--	126	163143	买盘
14:24:38	12.85	--	275	353734	买盘
14:24:33	12.85	--	24	31662	买盘
14:24:28	12.85	--	61	78436	买盘
14:24:23	12.85	--	51	66203	买盘
14:24:18	12.85	0.01	30	38550	买盘
14:24:13	12.84	-0.01	62	79813	卖盘
14:24:08	12.85	--	2	2570	买盘
14:24:03	12.85	--	96	124490	买盘
14:23:58	12.85	--	76	98893	买盘
14:23:48	12.85	0.01	96	124490	买盘
14:23:48	12.84	-0.01	84	107856	卖盘
14:23:43	12.85	--	154	198301	买盘
14:23:38	12.85	--	160	205600	买盘
14:23:33	12.85	0.01	111	143200	买盘
14:23:28	12.84	--	34	44888	卖盘
14:23:23	12.84	-0.01	108	139596	卖盘
14:23:18	12.85	--	8	11513	买盘
14:23:08	12.85	0.01	56	73193	买盘
14:23:08	12.84	--	134	172261	卖盘
14:23:03	12.84	-0.01	256	329114	卖盘
14:22:58	12.85	--	30	38550	买盘
14:22:53	12.85	--	188	242505	买盘
14:22:48	12.85	--	40	51400	买盘
14:22:43	12.85	0.01	108	139294	买盘
14:22:38	12.84	--	0	1232	卖盘
14:22:33	12.84	-0.01	46	59372	卖盘
14:22:28	12.85	--	99	127266	买盘
14:22:23	12.85	0.01	72	93753	买盘
14:22:18	12.84	-0.01	164	210576	卖盘
14:22:13	12.85	--	67	86352	卖盘
14:22:08	12.85	0.01	9	11616	中性盘
14:22:03	12.84	--	256	328704	卖盘
14:21:58	12.84	-0.01	138	177294	卖盘
14:21:53	12.85	--	64	82651	买盘
14:21:48	12.85	0.01	64	82240	买盘
14:21:43	12.84	--	139	179554	买盘
14:21:38	12.84	--	44	56496	买盘
14:21:33	12.84	-0.01	120	155107	卖盘
14:21:28	12.85	--	3	3906	买盘
14:21:23	12.85	--	106	136724	买盘
14:21:18	12.85	--	46	60343	买盘
14:21:13	12.85	0.01	74	95809	买盘
14:21:08	12.84	--	286	368148	卖盘
14:21:03	12.84	-0.01	111	142575	卖盘
14:20:58	12.85	--	1452	1866642	买盘
14:20:48	12.85	0.01	32	41120	买盘
14:20:48	12.84	--	100	128502	卖盘
14:20:43	12.84	-0.01	258	331272	卖盘
14:20:38	12.85	0.01	40	51914	买盘
14:20:33	12.84	--	20	25680	卖盘
14:20:28	12.84	--	168	216122	卖盘
14:20:18	12.84	--	43	56290	卖盘
14:20:13	12.84	0.01	628	807584	买盘
14:20:08	12.83	--	241	310178	卖盘
14:20:03	12.83	-0.01	21	26994	卖盘
14:19:58	12.84	--	172	221053	买盘
14:19:53	12.84	0.01	24	30816	买盘
14:19:48	12.83	-0.01	12	16422	卖盘
14:19:43	12.84	--	10	12840	买盘
14:19:38	12.84	--	182	234817	买盘
14:19:33	12.84	0.01	110	141240	买盘
14:19:28	12.83	-0.01	152	195323	卖盘
14:19:23	12.84	-0.01	26	33384	卖盘
14:19:18	12.85	0.02	137	176199	买盘
14:19:13	12.83	-0.01	336	431498	卖盘
14:19:08	12.84	--	583	748623	买盘
14:18:58	12.84	--	76	98405	买盘
14:18:53	12.84	0.01	180	231428	买盘
14:18:38	12.83	-0.01	63	80880	卖盘
14:18:38	12.84	--	239	307338	买盘
14:18:28	12.84	--	42	54236	买盘
14:18:23	12.84	0.01	34	44888	买盘
14:18:18	12.83	-0.01	121	155294	卖盘
14:18:13	12.84	--	92	118128	买盘
14:18:08	12.84	0.01	20	25680	买盘
14:18:03	12.83	-0.01	79	102537	卖盘
14:17:58	12.84	0.01	30	38520	买盘
14:17:48	12.83	-0.01	17	22067	卖盘
14:17:48	12.84	0.01	5	6471	买盘
14:17:43	12.83	--	43	55630	卖盘
14:17:33	12.83	--	226	290265	买盘
14:17:33	12.83	--	91	116906	买盘
14:17:28	12.83	0.01	1	1334	买盘
14:17:23	12.82	-0.01	249	320397	卖盘
14:17:18	12.83	0.01	44	57683	买盘
14:17:13	12.82	-0.01	520	667665	卖盘
14:17:08	12.83	0.01	53	68050	中性盘
14:17:03	12.82	-0.02	215	276501	卖盘
14:16:58	12.84	0.01	18	24344	买盘
14:16:53	12.83	-0.01	580	744447	卖盘
14:16:48	12.84	0.01	8	11504	买盘
14:16:43	12.83	--	269	345691	卖盘
14:16:38	12.83	--	6	7698	卖盘
14:16:33	12.83	0.02	1508	1934866	买盘
14:16:28	12.81	-0.01	78	101147	卖盘
14:16:23	12.82	--	384	493108	买盘
14:16:18	12.82	0.01	531	680793	买盘
14:16:13	12.81	-0.01	183	235499	卖盘
14:16:08	12.82	0.01	397	509005	买盘
14:16:03	12.81	-0.01	551	706189	卖盘
14:15:58	12.82	-0.01	31	39793	卖盘
14:15:53	12.83	--	689	884448	买盘
14:15:48	12.83	0.01	100	128300	买盘
14:15:43	12.82	--	69	89329	卖盘
14:15:38	12.82	-0.01	164	211478	卖盘
14:15:33	12.83	0.01	77	98842	买盘
14:15:28	12.82	--	155	198761	卖盘
14:15:18	12.82	--	43	55484	卖盘
14:15:18	12.82	--	92	118559	买盘
14:15:13	12.82	--	97	125123	买盘
14:15:08	12.82	0.01	52	66869	买盘
14:15:03	12.81	-0.01	107	137323	卖盘
14:14:58	12.82	0.01	83	106457	买盘
14:14:53	12.81	--	73	93666	卖盘
14:14:48	12.81	--	10	12810	卖盘
14:14:43	12.81	-0.01	221	284177	卖盘
14:14:38	12.82	0.01	110	141122	买盘
14:14:33	12.81	-0.01	85	109858	卖盘
14:14:28	12.82	--	47	61023	卖盘
14:14:23	12.82	-0.01	34	44511	卖盘
14:14:18	12.83	0.01	256	328448	买盘
14:14:13	12.82	--	34	43895	卖盘
14:13:58	12.82	--	108	139584	卖盘
14:13:58	12.82	--	18	23178	卖盘
14:13:53	12.82	--	73	93637	卖盘
14:13:48	12.82	--	131	168506	买盘
14:13:43	12.82	--	322	413009	买盘
14:13:38	12.82	--	44	56408	买盘
14:13:33	12.82	--	167	214452	买盘
14:13:28	12.82	-0.01	5	6461	买盘
14:13:23	12.83	0.02	224	287597	买盘
14:13:18	12.81	--	212	272801	卖盘
14:13:13	12.81	-0.01	84	108423	卖盘
14:13:08	12.82	--	12	15589	卖盘
14:13:03	12.82	-0.01	72	92919	卖盘
14:12:58	12.83	0.01	26	33358	买盘
14:12:53	12.82	0.01	233	299372	买盘
14:12:48	12.81	-0.01	76	97356	卖盘
14:12:43	12.82	--	75	97021	买盘
14:12:38	12.82	0.01	80	103175	买盘
14:12:33	12.81	-0.02	27	34843	卖盘
14:12:28	12.83	0.02	4	6363	买盘
14:12:23	12.81	-0.02	220	282127	卖盘
14:12:18	12.83	0.02	93	120499	买盘
14:12:13	12.81	-0.01	30	39557	卖盘
14:12:08	12.82	0.01	41	52613	买盘
14:12:03	12.81	-0.02	178	229247	卖盘
14:11:58	12.83	--	4	6363	买盘
14:11:53	12.83	0.01	252	323726	买盘
14:11:48	12.82	--	23	29537	卖盘
14:11:43	12.82	-0.01	363	465622	卖盘
14:11:38	12.83	0.01	24	32023	买盘
14:11:33	12.82	--	33	43280	卖盘
14:11:23	12.82	-0.01	123	157737	卖盘
14:11:18	12.83	--	2	3797	买盘
14:11:13	12.83	0.01	79	102126	买盘
14:11:08	12.82	--	24	30973	卖盘
14:11:03	12.82	--	89	114149	卖盘
14:10:58	12.82	--	30	38460	卖盘
14:10:53	12.82	--	264	339473	卖盘
14:10:48	12.82	--	39	50049	卖盘
14:10:43	12.82	--	216	277322	卖盘
14:10:38	12.82	--	148	189736	卖盘
14:10:33	12.82	--	346	443674	卖盘
14:10:23	12.82	-0.01	312	401112	卖盘
14:10:18	12.83	0.01	136	174488	买盘
14:10:13	12.82	--	101	130046	卖盘
14:10:03	12.82	--	779	999652	买盘
14:09:53	12.82	--	72	92304	买盘
14:09:48	12.82	--	100	129430	买盘
14:09:43	12.82	--	261	335473	买盘
14:09:38	12.82	--	52	66664	买盘
14:09:33	12.82	--	67	87073	买盘
14:09:28	12.82	0.01	19	25229	买盘
14:09:23	12.81	--	200	256917	卖盘
14:09:18	12.81	-0.01	110	140910	卖盘
14:09:13	12.82	--	52	67484	买盘
14:09:08	12.82	--	185	237426	买盘
14:09:03	12.82	--	97	125225	买盘
14:08:58	12.82	--	65	83381	买盘
14:08:53	12.82	--	174	223478	买盘
14:08:48	12.82	--	6	7692	买盘
14:08:43	12.82	--	142	182967	买盘
14:08:38	12.82	--	236	303782	买盘
14:08:33	12.82	--	34	44408	买盘
14:08:28	12.82	-0.01	214	275373	卖盘
14:08:23	12.83	--	136	175514	买盘
14:08:18	12.83	--	1	1334	买盘
14:08:13	12.83	--	109	140103	买盘
14:08:08	12.83	0.01	152	195016	买盘
14:08:03	12.82	--	74	94868	卖盘
14:07:58	12.82	-0.01	254	326858	卖盘
14:07:53	12.83	--	198	254136	买盘
14:07:48	12.83	--	221	284415	买盘
14:07:43	12.83	0.01	65	83754	买盘
14:07:38	12.82	--	20	25640	卖盘
14:07:33	12.82	-0.01	407	522953	卖盘
14:07:28	12.83	--	214	274562	买盘
14:07:23	12.83	0.01	42	54501	买盘
14:07:18	12.82	-0.01	44	56408	卖盘
14:07:13	12.83	--	35	45777	买盘
14:07:08	12.83	--	46	59223	买盘
14:07:03	12.83	--	111	142464	买盘
14:06:58	12.83	0.01	30	38592	买盘
14:06:53	12.82	-0.01	117	150455	卖盘
14:06:48	12.83	0.01	142	182186	卖盘
14:06:43	12.82	--	204	262143	卖盘
14:06:38	12.82	-0.01	100	129430	卖盘
14:06:33	12.83	--	31	39926	卖盘
14:06:28	12.83	0.01	8	11495	卖盘
14:06:23	12.82	-0.01	228	292603	卖盘
14:06:18	12.83	--	25	32947	买盘
14:06:13	12.83	--	89	115162	卖盘
14:06:08	12.83	--	174	224473	卖盘
14:06:03	12.83	-0.01	62	79853	卖盘
14:05:58	12.84	0.01	27	34719	买盘
14:05:53	12.83	--	39	50088	卖盘
14:05:48	12.83	--	2	2771	卖盘
14:05:43	12.83	--	140	180851	买盘
14:05:38	12.83	--	30	38490	买盘
14:05:33	12.83	0.01	119	153446	买盘
14:05:28	12.82	-0.01	237	303885	卖盘
14:05:23	12.83	--	170	218828	买盘
14:05:18	12.83	--	18	23094	买盘
14:05:13	12.83	--	89	114340	买盘
14:05:08	12.83	--	44	56452	买盘
14:05:03	12.83	--	78	100279	买盘
14:04:58	12.83	--	123	158681	买盘
14:04:53	12.83	0.01	80	103666	买盘
14:04:48	12.82	-0.01	27	34665	卖盘
14:04:43	12.83	--	168	216467	买盘
14:04:38	12.83	0.01	30	38490	买盘
14:04:33	12.82	-0.01	48	62664	卖盘
14:04:28	12.83	--	13	17346	买盘
14:04:23	12.83	--	40	51833	买盘
14:04:18	12.83	0.01	4	5132	买盘
14:04:13	12.82	-0.01	48	62048	卖盘
14:04:08	12.83	0.01	46	60249	买盘
14:04:03	12.82	--	161	206555	卖盘
14:03:58	12.82	-0.01	16	20512	中性盘
14:03:53	12.83	--	141	181980	买盘
14:03:48	12.83	0.01	100	128710	买盘
14:03:43	12.82	-0.01	70	89842	卖盘
14:03:38	12.83	0.02	180	230940	买盘
14:03:33	12.81	-0.01	71	91412	卖盘
14:03:28	12.82	-0.01	4	5128	卖盘
14:03:18	12.83	--	94	121115	买盘
14:03:18	12.83	0.01	30	39721	买盘
14:03:13	12.82	-0.01	233	299475	卖盘
14:03:08	12.83	--	37	47727	买盘
14:03:03	12.83	0.01	153	197376	买盘
14:02:58	12.82	--	808	1037086	卖盘
14:02:53	12.82	--	102	130969	卖盘
14:02:48	12.82	-0.01	217	278450	卖盘
14:02:38	12.83	--	62	80469	买盘
14:02:28	12.83	--	44	57683	买盘
14:02:23	12.83	0.01	82	105308	买盘
14:02:13	12.82	--	54	69843	卖盘
14:02:08	12.82	-0.01	64	82048	卖盘
14:02:03	12.83	0.01	94	121115	买盘
14:01:53	12.82	-0.01	33	42357	卖盘
14:01:53	12.83	0.01	19	24530	买盘
14:01:43	12.82	--	127	163275	卖盘
14:01:33	12.82	--	15	20409	卖盘
14:01:28	12.82	-0.01	16	21742	卖盘
14:01:23	12.83	--	185	237406	买盘
14:01:13	12.83	--	44	56554	买盘
14:01:08	12.83	0.01	18	23299	买盘
14:01:03	12.82	-0.01	190	243990	卖盘
14:00:58	12.83	0.01	2	2566	买盘
14:00:53	12.82	--	43	55484	卖盘
14:00:48	12.82	0.01	18	23383	买盘
14:00:43	12.81	--	668	856220	卖盘
14:00:33	12.81	--	27	35048	卖盘
14:00:28	12.81	--	2	2562	卖盘
14:00:23	12.81	--	168	216437	卖盘
14:00:18	12.81	-0.01	169	216540	卖盘
14:00:13	12.82	0.01	2444	3133720	买盘
14:00:08	12.81	-0.01	0	1127	卖盘
14:00:03	12.82	--	135	174146	买盘
13:59:58	12.82	0.02	26	34562	买盘
13:59:53	12.8	-0.01	128	164044	卖盘
13:59:48	12.81	--	18	23058	卖盘
13:59:43	12.81	0.01	78	100225	卖盘
13:59:33	12.8	-0.01	65	83968	卖盘
13:59:18	12.81	0.01	215	275876	买盘
13:59:18	12.8	-0.01	112	143360	卖盘
13:59:13	12.81	--	106	136708	买盘
13:59:08	12.81	--	35	44988	买盘
13:59:03	12.81	0.01	58	74298	买盘
13:58:58	12.8	--	79	101171	卖盘
13:58:53	12.8	--	328	420454	卖盘
13:58:48	12.8	-0.01	10	12800	卖盘
13:58:43	12.81	0.01	139	179237	买盘
13:58:38	12.8	--	43	55091	卖盘
13:58:33	12.8	-0.01	79	101785	卖盘
13:58:28	12.81	--	194	249743	买盘
13:58:23	12.81	0.01	112	144599	买盘
13:58:18	12.8	--	7	9011	卖盘
13:58:13	12.8	--	116	148992	卖盘
13:58:08	12.8	--	90	115200	卖盘
13:58:03	12.8	--	199	255488	卖盘
13:57:58	12.8	--	20	26624	卖盘
13:57:53	12.8	-0.01	386	494592	卖盘
13:57:48	12.81	0.01	40	52469	买盘
13:57:43	12.8	--	217	278937	卖盘
13:57:38	12.8	-0.01	50	64000	卖盘
13:57:33	12.81	0.01	30	38430	买盘
13:57:28	12.8	-0.01	221	283955	卖盘
13:57:23	12.81	--	298	381738	买盘
13:57:18	12.81	--	109	140295	买盘
13:57:13	12.81	0.01	1022	1309182	买盘
13:57:08	12.8	-0.01	74	95129	卖盘
13:57:03	12.81	--	244	312564	买盘
13:56:58	12.81	--	66	85468	买盘
13:56:53	12.81	0.01	20	26849	买盘
13:56:48	12.8	--	138	177356	卖盘
13:56:38	12.8	--	111	142745	卖盘
13:56:33	12.8	--	49	63897	卖盘
13:56:28	12.8	-0.01	52	67481	卖盘
13:56:23	12.81	--	37	47448	买盘
13:56:18	12.81	--	70	90387	买盘
13:56:13	12.81	0.02	50	65279	买盘
13:56:08	12.79	-0.02	65	84209	卖盘
13:56:03	12.81	0.01	48	62717	买盘
13:55:53	12.8	-0.01	82	104960	卖盘
13:55:53	12.81	--	17	21828	买盘
13:55:48	12.81	0.01	268	343512	买盘
13:55:43	12.8	--	165	212172	卖盘
13:55:38	12.8	--	85	108851	卖盘
13:55:33	12.8	--	120	153600	卖盘
13:55:28	12.8	--	165	212377	卖盘
13:55:23	12.8	--	1102	1410560	卖盘
13:55:18	12.8	--	262	336486	卖盘
13:55:13	12.8	--	528	676147	买盘
13:55:08	12.8	--	309	396083	买盘
13:55:03	12.8	0.01	32	42188	买盘
13:54:58	12.79	-0.01	28	36630	卖盘
13:54:53	12.8	--	28	37068	买盘
13:54:48	12.8	--	1333	1706291	买盘
13:54:38	12.8	--	97	125337	买盘
13:54:33	12.8	0.01	162	207360	买盘
13:54:28	12.79	-0.02	313	400787	卖盘
13:54:23	12.81	0.01	10	12912	买盘
13:54:18	12.8	--	419	536985	卖盘
13:54:13	12.8	--	12	16588	卖盘
13:54:08	12.8	--	153	196608	卖盘
13:54:03	12.8	--	1124	1439948	卖盘
13:53:58	12.8	--	160	205619	卖盘
13:53:53	12.8	-0.01	41	52531	卖盘
13:53:48	12.81	0.02	626	802930	买盘
13:53:38	12.79	-0.01	379	485201	卖盘
13:53:28	12.8	--	2051	2626355	卖盘
13:53:18	12.8	--	403	515891	卖盘
13:53:13	12.8	--	70	89600	卖盘
13:53:08	12.8	-0.01	463	593100	卖盘
13:52:58	12.81	--	222	284484	买盘
13:52:53	12.81	0.01	34	43554	买盘
13:52:48	12.8	--	324	415334	卖盘
13:52:38	12.8	-0.01	57	74137	卖盘
13:52:33	12.81	0.01	263	337774	买盘
13:52:33	12.8	-0.01	1032	1320960	卖盘
13:52:28	12.81	0.01	640	820659	卖盘
13:52:23	12.8	--	1066	1364889	卖盘
13:52:18	12.8	--	418	536064	卖盘
13:52:13	12.8	--	830	1062502	卖盘
13:52:08	12.8	--	1241	1589043	卖盘
13:52:03	12.8	-0.01	1299	1662771	卖盘
13:51:58	12.81	-0.01	516	661098	卖盘
13:51:53	12.82	0.01	236	302552	买盘
13:51:43	12.81	-0.01	443	567636	卖盘
13:51:43	12.82	--	820	1052470	买盘
13:51:38	12.82	0.01	175	225221	买盘
13:51:33	12.81	--	201	257532	卖盘
13:51:28	12.81	-0.01	96	123590	卖盘
13:51:23	12.82	0.01	44	56408	买盘
13:51:18	12.81	-0.02	312	400184	卖盘
13:51:13	12.83	0.02	3	3900	买盘
13:51:08	12.81	-0.02	214	274748	卖盘
13:51:03	12.83	0.02	5	6466	买盘
13:50:58	12.81	-0.01	894	1146443	卖盘
13:50:53	12.82	--	20	25640	买盘
13:50:48	12.82	--	218	280296	买盘
13:50:43	12.82	--	10	12922	买盘
13:50:38	12.82	--	63	81432	买盘
13:50:33	12.82	0.01	56	71792	买盘
13:50:28	12.81	--	403	516704	卖盘
13:50:23	12.81	-0.01	123	157614	卖盘
13:50:18	12.82	--	16	20512	买盘
13:50:13	12.82	--	26	34562	买盘
13:50:08	12.82	--	1026	1316255	买盘
13:50:03	12.82	--	1697	2175707	卖盘
13:49:58	12.82	-0.01	187	239990	卖盘
13:49:53	12.83	0.01	2	2566	买盘
13:49:48	12.82	--	255	327268	卖盘
13:49:43	12.82	--	20	25640	卖盘
13:49:38	12.82	--	91	117431	卖盘
13:49:33	12.82	--	30	39690	卖盘
13:49:28	12.82	--	1016	1302819	买盘
13:49:23	12.82	--	175	224401	买盘
13:49:18	12.82	--	48	61536	买盘
13:49:13	12.82	0.01	140	179480	买盘
13:49:08	12.81	-0.01	88	113957	卖盘
13:49:03	12.82	0.01	80	103790	买盘
13:48:58	12.81	--	13	17216	卖盘
13:48:53	12.81	--	184	235704	卖盘
13:48:48	12.81	--	109	139987	卖盘
13:48:43	12.81	-0.01	0	614	卖盘
13:48:33	12.82	--	248	318038	买盘
13:48:33	12.82	0.01	2	2564	买盘
13:48:28	12.81	-0.01	10	13322	卖盘
13:48:23	12.82	0.01	34	44818	买盘
13:48:18	12.81	-0.01	130	167452	卖盘
13:48:13	12.82	--	36	46152	买盘
13:48:08	12.82	--	4	6051	买盘
13:48:03	12.82	--	2	2564	买盘
13:47:58	12.82	--	560	718637	买盘
13:47:53	12.82	0.01	96	123072	买盘
13:47:48	12.81	-0.01	49	63742	卖盘
13:47:43	12.82	0.01	29	38357	买盘
13:47:33	12.81	--	58	75425	卖盘
13:47:28	12.81	-0.01	46	59540	卖盘
13:47:23	12.82	0.01	16	21742	买盘
13:47:18	12.81	-0.01	14	18241	卖盘
13:47:13	12.82	0.01	2	2564	买盘
13:47:08	12.81	--	248	317892	买盘
13:47:03	12.81	--	20	25620	买盘
13:46:58	12.81	--	174	222996	买盘
13:46:53	12.81	--	43	55134	买盘
13:46:48	12.81	-0.01	904	1158024	卖盘
13:46:43	12.82	--	196	252092	买盘
13:46:38	12.82	--	202	259989	买盘
13:46:33	12.82	0.01	98	125636	买盘
13:46:28	12.81	--	82	105964	卖盘
13:46:23	12.81	--	533	682824	卖盘
13:46:18	12.81	--	28	36380	卖盘
13:46:13	12.81	--	55	70813	卖盘
13:46:08	12.81	-0.01	33	43451	卖盘
13:46:03	12.82	--	310	397420	买盘
13:45:58	12.82	0.01	103	132302	买盘
13:45:53	12.81	--	58	74298	买盘
13:45:48	12.81	--	111	142959	买盘
13:45:38	12.81	--	105	134658	买盘
13:45:28	12.81	0.01	21	27054	买盘
13:45:23	12.8	--	146	188108	卖盘
13:45:18	12.8	-0.01	70	90214	卖盘
13:45:13	12.81	--	56	72453	买盘
13:45:03	12.81	0.01	14	17934	买盘
13:44:58	12.8	--	247	316620	卖盘
13:44:53	12.8	-0.01	7	9523	卖盘
13:44:48	12.81	0.01	111	142344	买盘
13:44:43	12.8	--	54	69120	卖盘
13:44:38	12.8	0.01	93	120012	买盘
13:44:33	12.79	0.01	308	393932	中性盘
13:44:28	12.78	-0.02	291	372767	卖盘
13:44:23	12.8	--	108	139468	买盘
13:44:18	12.8	--	35	45260	买盘
13:44:13	12.8	--	455	582451	买盘
13:44:08	12.8	--	938	1200742	买盘
13:44:03	12.8	0.01	212	271360	买盘
13:43:58	12.79	--	155	199421	买盘
13:43:53	12.79	--	16	20464	买盘
13:43:48	12.79	-0.01	217	278310	卖盘
13:43:43	12.8	--	386	494080	买盘
13:43:38	12.8	--	86	110899	买盘
13:43:33	12.8	--	200	256000	买盘
13:43:28	12.8	--	315	403251	买盘
13:43:23	12.8	--	446	572108	买盘
13:43:18	12.8	--	423	541696	买盘
13:43:08	12.8	0.01	136	174080	买盘
13:43:08	12.79	--	233	298058	买盘
13:43:03	12.79	--	302	387485	买盘
13:42:58	12.79	--	154	198193	买盘
13:42:53	12.79	--	144	184176	买盘
13:42:48	12.79	0.01	18	24147	买盘
13:42:43	12.78	0.01	195	249363	买盘
13:42:38	12.77	-0.01	30	39229	卖盘
13:42:33	12.78	--	112	143136	买盘
13:42:28	12.78	0.01	100	128617	买盘
13:42:23	12.77	-0.01	14	19103	卖盘
13:42:18	12.78	--	58	75044	买盘
13:42:13	12.78	--	2	3782	买盘
13:42:08	12.78	0.01	133	170229	买盘
13:41:58	12.77	-0.01	138	176736	卖盘
13:41:53	12.78	--	10	12780	买盘
13:41:48	12.78	--	320	409982	买盘
13:41:43	12.78	--	193	246705	买盘
13:41:38	12.78	0.01	242	310502	买盘
13:41:33	12.77	--	233	297592	买盘
13:41:28	12.77	--	763	974606	卖盘
13:41:23	12.77	-0.01	60	76620	卖盘
13:41:18	12.78	0.01	1020	1304173	买盘
13:41:13	12.77	--	0	1225	卖盘
13:41:08	12.77	-0.01	31	40761	卖盘
13:41:03	12.78	--	6	8894	买盘
13:40:58	12.78	0.01	113	144567	买盘
13:40:53	12.77	--	30	38310	卖盘
13:40:48	12.77	--	4973	6351287	买盘
13:40:43	12.77	--	28	35756	买盘
13:40:38	12.77	--	291	372066	买盘
13:40:33	12.77	--	19	24314	买盘
13:40:28	12.77	0.01	118	151809	买盘
13:40:23	12.76	--	61	78193	买盘
13:40:18	12.76	-0.01	806	1028864	卖盘
13:40:13	12.77	--	18	22986	买盘
13:40:08	12.77	--	531	678955	买盘
13:40:03	12.77	0.01	30	38310	买盘
13:39:58	12.76	--	172	220594	卖盘
13:39:53	12.76	--	68	86768	买盘
13:39:48	12.76	-0.01	156	199566	卖盘
13:39:43	12.77	--	2374	3032823	买盘
13:39:38	12.77	--	219	280122	买盘
13:39:33	12.77	0.01	70	90615	买盘
13:39:28	12.76	-0.01	275	351971	卖盘
13:39:23	12.77	--	20	25540	卖盘
13:39:18	12.77	-0.01	549	701941	卖盘
13:39:08	12.78	0.01	86	111134	买盘
13:39:08	12.77	-0.01	395	504466	卖盘
13:39:03	12.78	0.01	532	679896	买盘
13:38:53	12.77	-0.01	182	233026	卖盘
13:38:53	12.78	--	2189	2797593	买盘
13:38:48	12.78	--	38	49177	买盘
13:38:43	12.78	-0.01	1559	1993373	卖盘
13:38:38	12.79	0.01	129	165451	买盘
13:38:33	12.78	-0.01	124	158472	卖盘
13:38:28	12.79	--	41	53104	买盘
13:38:23	12.79	--	12	15347	买盘
13:38:18	12.79	--	470	601334	买盘
13:38:13	12.79	--	8	10232	买盘
13:38:08	12.79	--	55	71112	买盘
13:38:03	12.79	--	39	49932	买盘
13:37:58	12.79	-0.01	1848	2364512	卖盘
13:37:53	12.8	--	16	20480	买盘
13:37:48	12.8	0.01	30	38400	买盘
13:37:43	12.79	-0.01	174	223262	卖盘
13:37:28	12.8	--	82	106188	买盘
13:37:28	12.8	--	34	44236	买盘
13:37:23	12.8	--	114	145920	买盘
13:37:18	12.8	0.01	22	28979	买盘
13:37:13	12.79	--	20	26193	卖盘
13:37:08	12.79	-0.01	116	149489	卖盘
13:37:03	12.8	--	2	2560	买盘
13:36:58	12.8	0.01	192	246067	买盘
13:36:43	12.79	--	55	71010	卖盘
13:36:33	12.79	--	220	281380	卖盘
13:36:33	12.79	-0.01	42	54843	卖盘
13:36:28	12.8	--	102	130662	买盘
13:36:23	12.8	0.01	60	77824	买盘
13:36:18	12.79	-0.01	71	90860	卖盘
13:36:13	12.8	--	45	58265	买盘
13:36:08	12.8	--	41	52531	买盘
13:36:03	12.8	--	84	108032	买盘
13:35:58	12.8	0.01	16	21708	买盘
13:35:48	12.79	--	52	67428	卖盘
13:35:48	12.79	0.01	10	12790	卖盘
13:35:38	12.78	-0.02	34	44678	卖盘
13:35:38	12.8	0.01	208	266240	买盘
13:35:33	12.79	-0.01	23	29672	卖盘
13:35:28	12.8	0.01	74	95129	买盘
13:35:23	12.79	-0.01	165	211086	卖盘
13:35:18	12.8	0.01	10	14028	买盘
13:35:13	12.79	--	77	99250	卖盘
13:35:03	12.79	--	548	701096	卖盘
13:35:03	12.79	--	54	69372	买盘
13:34:58	12.79	--	44	57503	买盘
13:34:53	12.79	--	136	174250	买盘
13:34:48	12.79	-0.01	60	76740	卖盘
13:34:43	12.8	0.02	57	73011	买盘
13:34:38	12.78	-0.02	610	780806	卖盘
13:34:33	12.8	-0.01	79	101376	中性盘
13:34:28	12.81	--	7	9018	买盘
13:34:23	12.81	0.01	78	101045	买盘
13:34:18	12.8	--	1	1331	卖盘
13:34:13	12.8	--	120	154828	买盘
13:34:08	12.8	-0.01	10	12800	中性盘
13:34:03	12.81	0.02	236	303340	买盘
13:33:58	12.79	--	120	153480	买盘
13:33:53	12.79	--	474	607064	买盘
13:33:48	12.79	-0.01	170	217430	卖盘
13:33:43	12.8	--	149	190771	买盘
13:33:38	12.8	--	1267	1622016	买盘
13:33:33	12.8	--	381	488448	买盘
13:33:28	12.8	-0.01	578	740556	卖盘
13:33:23	12.81	--	61	79217	买盘
13:33:18	12.81	0.01	12	15372	中性盘
13:33:13	12.8	-0.02	779	997990	卖盘
13:33:08	12.82	--	115	147891	买盘
13:33:03	12.82	0.01	32	41331	买盘
13:32:58	12.81	-0.01	67	85878	卖盘
13:32:53	12.82	0.01	177	226965	买盘
13:32:48	12.81	-0.01	22	29411	卖盘
13:32:43	12.82	--	66	85124	买盘
13:32:38	12.82	--	10	14050	买盘
13:32:33	12.82	--	694	890015	卖盘
13:32:23	12.82	--	66	85842	卖盘
13:32:13	12.82	--	2466	3162027	买盘
13:32:08	12.82	--	30	39690	买盘
13:32:03	12.82	--	37	48613	买盘
13:31:58	12.82	--	8	10256	买盘
13:31:53	12.82	--	139	178659	买盘
13:31:48	12.82	0.01	44	57638	买盘
13:31:43	12.81	-0.01	99	127587	卖盘
13:31:38	12.82	--	0	1230	卖盘
13:31:33	12.82	--	15	20101	卖盘
13:31:28	12.82	--	20	25640	卖盘
13:31:23	12.82	--	77	99790	买盘
13:31:18	12.82	--	124	158968	买盘
13:31:13	12.82	0.01	31	39895	买盘
13:31:08	12.81	--	28	36072	卖盘
13:31:03	12.81	-0.01	241	308977	卖盘
13:30:58	12.82	--	37	47485	买盘
13:30:53	12.82	--	84	108713	买盘
13:30:48	12.82	0.02	6	7692	买盘
13:30:43	12.8	-0.01	46	58880	卖盘
13:30:33	12.81	0.01	40	51240	中性盘
13:30:33	12.8	-0.01	267	342016	卖盘
13:30:28	12.81	-0.01	72	92232	卖盘
13:30:23	12.82	0.01	183	234759	买盘
13:30:18	12.81	-0.01	61	78192	卖盘
13:30:13	12.82	--	55	70663	买盘
13:30:08	12.82	0.01	116	149737	买盘
13:30:03	12.81	0.01	25	32896	中性盘
13:29:58	12.8	--	114	146636	卖盘
13:29:53	12.8	-0.02	112	143360	卖盘
13:29:48	12.82	0.01	104	134558	买盘
13:29:43	12.81	--	66	85160	买盘
13:29:38	12.81	--	30	39659	买盘
13:29:33	12.81	--	136	174933	买盘
13:29:28	12.81	0.01	54	69174	买盘
13:29:23	12.8	-0.02	71	91955	卖盘
13:29:18	12.82	0.02	237	305013	买盘
13:29:08	12.8	-0.01	385	493465	卖盘
13:28:58	12.81	0.02	10	14039	卖盘
13:28:53	12.79	-0.02	49	63131	卖盘
13:28:48	12.81	--	50	64050	买盘
13:28:43	12.81	0.01	181	232937	买盘
13:28:33	12.8	-0.02	99	127488	卖盘
13:28:28	12.82	0.01	122	156404	买盘
13:28:23	12.81	-0.02	933	1196249	卖盘
13:28:13	12.83	--	384	493493	买盘
13:28:08	12.83	0.02	22	28533	买盘
13:28:03	12.81	--	413	529924	买盘
13:27:58	12.81	-0.01	318	408382	卖盘
13:27:53	12.82	--	529	678742	买盘
13:27:48	12.82	--	73	93637	买盘
13:27:43	12.82	--	634	813505	买盘
13:27:38	12.82	0.01	986	1265282	买盘
13:27:33	12.81	0.01	60	77064	中性盘
13:27:28	12.8	-0.01	421	539238	卖盘
13:27:23	12.81	0.01	1798	2303442	买盘
13:27:18	12.8	0.01	602	771788	买盘
13:27:13	12.79	-0.01	496	635611	卖盘
13:27:03	12.8	0.01	41	52838	买盘
13:27:03	12.79	--	158	202798	卖盘
13:26:58	12.79	-0.01	120	153480	卖盘
13:26:53	12.8	0.01	58	75059	买盘
13:26:48	12.79	--	5	6446	买盘
13:26:43	12.79	--	72	93315	买盘
13:26:38	12.79	--	12	15347	买盘
13:26:33	12.79	--	124	158596	卖盘
13:26:28	12.79	--	116	148364	买盘
13:26:23	12.79	--	78	100682	买盘
13:26:18	12.79	0.01	30	38472	买盘
13:26:13	12.78	--	53	68091	买盘
13:26:08	12.78	-0.01	334	428078	中性盘
13:26:03	12.79	--	52	67224	买盘
13:25:58	12.79	0.01	18	23022	买盘
13:25:53	12.78	--	123	158267	卖盘
13:25:48	12.78	-0.02	41	52449	卖盘
13:25:43	12.8	0.01	81	104448	买盘
13:25:38	12.79	-0.01	130	167497	卖盘
13:25:33	12.8	0.03	2	3788	买盘
13:25:28	12.77	-0.02	193	246818	卖盘
13:25:18	12.79	--	150	191952	买盘
13:25:13	12.79	0.02	16	20464	买盘
13:25:08	12.77	-0.02	933	1191798	卖盘
13:25:03	12.79	0.02	78	99762	买盘
13:24:58	12.77	-0.02	197	251722	卖盘
13:24:53	12.79	--	429	548742	买盘
13:24:48	12.79	--	229	293249	买盘
13:24:43	12.79	0.01	518	662726	买盘
13:24:38	12.78	-0.01	192	246296	卖盘
13:24:33	12.79	0.01	13	17803	买盘
13:24:28	12.78	-0.01	17	22492	卖盘
13:24:23	12.79	0.01	20	26807	买盘
13:24:18	12.78	--	37	47643	卖盘
13:24:13	12.78	--	21	26889	卖盘
13:24:08	12.78	--	6	8485	卖盘
13:24:03	12.78	--	14	19118	卖盘
13:23:58	12.78	--	111	142522	卖盘
13:23:53	12.78	--	13	16665	卖盘
13:23:48	12.78	0.01	20	25764	中性盘
13:23:43	12.77	--	153	195942	卖盘
13:23:38	12.77	-0.01	282	360829	卖盘
13:23:33	12.78	--	314	401292	买盘
13:23:28	12.78	0.01	154	197834	买盘
13:23:23	12.77	0.01	129	164784	中性盘
13:23:18	12.76	-0.02	588	751410	卖盘
13:23:13	12.78	--	134	171252	买盘
13:23:08	12.78	-0.01	97	124221	中性盘
13:22:58	12.79	0.01	2185	2795791	买盘
13:22:58	12.78	--	83	106840	卖盘
13:22:53	12.78	--	4	5112	卖盘
13:22:48	12.78	--	221	283409	卖盘
13:22:43	12.78	--	73	93549	买盘
13:22:38	12.78	--	209	267868	买盘
13:22:28	12.78	0.01	378	483084	买盘
13:22:28	12.77	-0.01	419	535931	卖盘
13:22:23	12.78	0.01	224	286272	买盘
13:22:18	12.77	-0.02	385	491696	卖盘
13:22:13	12.79	--	340	435473	买盘
13:22:08	12.79	--	1217	1557719	买盘
13:22:03	12.79	0.01	65	83186	买盘
13:21:58	12.78	-0.01	504	644418	卖盘
13:21:53	12.79	--	219	280152	买盘
13:21:48	12.79	0.02	336	429948	买盘
13:21:43	12.77	-0.01	606	775087	卖盘
13:21:38	12.78	0.01	79	101422	买盘
13:21:28	12.77	--	116	149357	卖盘
13:21:23	12.77	--	106	136587	卖盘
13:21:18	12.77	-0.01	687	877963	卖盘
13:21:03	12.78	0.02	97	124732	买盘
13:20:58	12.76	-0.01	652	832054	卖盘
13:20:48	12.77	--	17	21760	买盘
13:20:43	12.77	-0.02	1708	2181218	卖盘
13:20:38	12.79	0.01	76	98022	买盘
13:20:28	12.78	--	33	43145	卖盘
13:20:18	12.78	0.01	193	247011	卖盘
13:20:08	12.77	--	170	218111	卖盘
13:19:58	12.77	-0.01	295	377481	卖盘
13:19:48	12.78	--	252	322771	买盘
13:19:43	12.78	--	108	138024	买盘
13:19:33	12.78	0.01	216	276048	买盘
13:19:33	12.77	-0.01	13	16652	卖盘
13:19:28	12.78	--	139	178613	买盘
13:19:23	12.78	-0.01	20	25560	买盘
13:19:18	12.79	-0.01	865	1106590	中性盘
13:19:13	12.8	0.01	320	409600	买盘
13:19:08	12.79	-0.01	163	209449	中性盘
13:19:03	12.8	--	4073	5214668	买盘
13:18:58	12.8	--	48	61952	买盘
13:18:53	12.8	-0.01	216	277555	卖盘
13:18:48	12.81	--	370	474892	买盘
13:18:43	12.81	0.01	20	25620	买盘
13:18:38	12.8	-0.01	64	83148	卖盘
13:18:28	12.81	0.01	13	16653	买盘
13:18:28	12.8	--	112	144128	卖盘
13:18:18	12.8	--	60	77926	买盘
13:18:13	12.8	--	235	300800	买盘
13:18:08	12.8	--	271	347699	买盘
13:18:03	12.8	--	10	12800	买盘
13:17:58	12.8	--	140	179609	买盘
13:17:48	12.8	--	47	60518	买盘
13:17:43	12.8	-0.02	221	284057	卖盘
13:17:38	12.82	0.01	26	34049	买盘
13:17:33	12.81	0.01	62	79422	中性盘
13:17:28	12.8	--	161	206540	卖盘
13:17:18	12.8	0.01	29	37580	卖盘
13:17:13	12.79	-0.01	66	84414	卖盘
13:17:08	12.8	--	198	253952	卖盘
13:17:03	12.8	--	29	37120	卖盘
13:16:58	12.8	--	66	85606	买盘
13:16:53	12.8	0.01	62	79360	买盘
13:16:48	12.79	-0.01	365	466937	卖盘
13:16:43	12.8	-0.01	35	44800	卖盘
13:16:38	12.81	0.03	224	287405	买盘
13:16:28	12.78	-0.04	1825	2333014	卖盘
13:16:23	12.82	0.02	566	726842	买盘
13:16:18	12.8	--	219	281241	卖盘
13:16:13	12.8	--	10	12800	卖盘
13:16:08	12.8	0.01	960	1228851	买盘
13:16:03	12.79	-0.01	14	18315	卖盘
13:15:58	12.8	0.01	103	132915	买盘
13:15:53	12.79	-0.01	12	15347	卖盘
13:15:48	12.8	0.01	207	265625	买盘
13:15:43	12.79	0.01	73	94441	买盘
13:15:38	12.78	-0.02	313	400474	卖盘
13:15:33	12.8	0.02	176	225280	买盘
13:15:28	12.78	-0.02	407	520963	卖盘
13:15:23	12.8	--	86	110080	买盘
13:15:18	12.8	0.02	1507	1928960	买盘
13:15:13	12.78	-0.01	886	1132308	卖盘
13:15:08	12.79	--	25	32026	卖盘
13:15:03	12.79	0.01	0	1125	中性盘
13:14:58	12.78	--	48	61701	卖盘
13:14:53	12.78	-0.02	34	43452	卖盘
13:14:48	12.8	0.01	64	82432	买盘
13:14:43	12.79	--	56	71624	买盘
13:14:38	12.79	--	56	72391	买盘
13:14:33	12.79	--	21	26859	买盘
13:14:23	12.79	--	18	23022	买盘
13:14:23	12.79	-0.02	63	81753	卖盘
13:14:18	12.81	--	1	1281	卖盘
13:14:13	12.81	0.03	1121	1436103	买盘
13:14:08	12.78	-0.02	340	435542	卖盘
13:14:03	12.8	0.01	84	107776	买盘
13:13:58	12.79	--	32	40928	卖盘
13:13:53	12.79	--	64	81856	卖盘
13:13:48	12.79	--	1256	1606679	卖盘
13:13:43	12.79	--	92	118742	买盘
13:13:38	12.79	--	245	314582	卖盘
13:13:33	12.79	--	58	74233	买盘
13:13:28	12.79	--	211	269920	买盘
13:13:23	12.79	0.01	140	180287	买盘
13:13:13	12.78	-0.01	106	135468	卖盘
13:13:08	12.79	0.01	59	75614	买盘
13:13:03	12.78	--	240	306720	卖盘
13:12:58	12.78	--	20	25560	卖盘
13:12:53	12.78	-0.01	207	264546	卖盘
13:12:48	12.79	0.01	43	54996	买盘
13:12:43	12.78	-0.02	20	25560	卖盘
13:12:33	12.8	0.01	238	304640	买盘
13:12:23	12.79	-0.01	335	428925	卖盘
13:12:18	12.8	--	30	38400	买盘
13:12:13	12.8	--	981	1256499	买盘
13:12:03	12.8	--	244	312320	买盘
13:12:03	12.8	-0.01	539	689920	卖盘
13:11:53	12.81	--	66	84546	卖盘
13:11:48	12.81	--	159	203679	卖盘
13:11:38	12.81	0.01	115	147315	买盘
13:11:33	12.8	-0.02	75	96000	卖盘
13:11:28	12.82	0.02	545	698690	买盘
13:11:23	12.8	-0.01	43	55040	卖盘
13:11:18	12.81	--	217	277977	买盘
13:11:13	12.81	--	55	70711	买盘
13:11:08	12.81	--	93	119337	卖盘
13:11:03	12.81	--	57	73017	卖盘
13:10:58	12.81	0.01	6	7686	中性盘
13:10:53	12.8	-0.01	56	71680	卖盘
13:10:43	12.81	-0.01	56	71736	中性盘
13:10:43	12.82	0.02	103	132046	买盘
13:10:38	12.8	--	71	90880	卖盘
13:10:28	12.8	-0.02	133	170240	卖盘
13:10:23	12.82	--	28	35896	卖盘
13:10:18	12.82	--	54	70099	买盘
13:10:13	12.82	-0.01	14	18101	卖盘
13:10:08	12.83	0.02	927	1190059	买盘
13:10:03	12.81	-0.02	8	11477	卖盘
13:09:58	12.83	-0.01	150	192450	买盘
13:09:53	12.84	--	38	48792	买盘
13:09:48	12.84	--	306	392904	买盘
13:09:43	12.84	--	87	111759	买盘
13:09:38	12.84	--	22	28248	买盘
13:09:28	12.84	--	346	445496	买盘
13:09:23	12.84	--	3	3903	买盘
13:09:18	12.84	0.01	62	79608	买盘
13:09:13	12.83	0.03	12	15396	买盘
13:09:08	12.8	--	66	84684	卖盘
13:09:03	12.8	--	134	171520	卖盘
13:08:58	12.8	-0.05	142	181760	卖盘
13:08:53	12.85	--	380	488300	买盘
13:08:48	12.85	--	348	447334	买盘
13:08:43	12.85	0.05	1227	1577209	买盘
13:08:38	12.8	--	1133	1450240	买盘
13:08:33	12.8	--	951	1217280	买盘
13:08:28	12.8	0.02	226	289280	买盘
13:08:23	12.78	-0.02	60	76680	中性盘
13:08:18	12.8	0.03	809	1035520	买盘
13:08:13	12.77	-0.02	248	316696	卖盘
13:08:08	12.79	--	286	365794	买盘
13:08:03	12.79	--	789	1009130	买盘
13:07:58	12.79	0.02	1105	1413295	买盘
13:07:53	12.77	-0.01	344	439288	卖盘
13:07:48	12.78	0.01	45	57510	买盘
13:07:43	12.77	--	59	75343	卖盘
13:07:38	12.77	--	116	148132	卖盘
13:07:33	12.77	0.01	373	476729	中性盘
13:07:28	12.76	-0.01	865	1104505	卖盘
13:07:23	12.77	0.01	446	569848	买盘
13:07:18	12.76	--	67	86563	买盘
13:07:13	12.76	--	120	153120	买盘
13:07:08	12.76	--	94	121168	买盘
13:07:03	12.76	0.01	98	125048	买盘
13:06:58	12.75	-0.03	163	208794	卖盘
13:06:48	12.78	0.02	486	621108	买盘
13:06:48	12.76	-0.01	534	681384	卖盘
13:06:43	12.77	0.01	52	66404	买盘
13:06:38	12.76	--	328	419701	卖盘
13:06:33	12.76	--	115	147148	买盘
13:06:28	12.76	0.01	302	385352	卖盘
13:06:23	12.75	-0.03	350	446964	卖盘
13:06:18	12.78	0.01	3605	4608110	买盘
13:06:13	12.77	--	161	206720	买盘
13:06:08	12.77	--	571	729167	买盘
13:06:03	12.77	0.01	29	37033	买盘
13:05:58	12.76	--	17	22763	卖盘
13:05:53	12.76	0.01	72	91872	中性盘
13:05:48	12.75	-0.02	2461	3138438	卖盘
13:05:43	12.77	--	181	231137	买盘
13:05:38	12.77	0.01	366	467382	买盘
13:05:33	12.76	-0.01	206	262856	卖盘
13:05:28	12.77	--	198	252846	买盘
13:05:23	12.77	0.01	8	10216	买盘
13:05:18	12.76	--	190	242440	卖盘
13:05:13	12.76	--	293	373868	卖盘
13:05:08	12.76	--	156	199107	卖盘
13:05:03	12.76	0.01	48	62166	买盘
13:04:58	12.75	-0.01	133	169575	卖盘
13:04:53	12.76	--	152	193952	买盘
13:04:48	12.76	--	823	1050148	买盘
13:04:43	12.76	--	127	162052	买盘
13:04:38	12.76	--	395	504785	买盘
13:04:33	12.76	--	104	132704	买盘
13:04:28	12.76	--	511	652036	买盘
13:04:23	12.76	--	105	133980	买盘
13:04:18	12.76	--	209	267245	买盘
13:04:13	12.76	--	619	790456	买盘
13:04:08	12.76	--	86	109736	买盘
13:04:03	12.76	--	321	409596	买盘
13:03:53	12.76	0.01	576	734976	买盘
13:03:48	12.75	--	60	76500	卖盘
13:03:43	12.75	-0.01	772	985320	卖盘
13:03:33	12.76	--	1	1276	买盘
13:03:28	12.76	--	75	95700	买盘
13:03:23	12.76	--	514	656017	买盘
13:03:18	12.76	--	106	135256	买盘
13:03:13	12.76	--	24	30624	买盘
13:03:08	12.76	--	65	82940	买盘
13:03:03	12.76	-0.01	743	948068	卖盘
13:02:58	12.77	--	419	535114	卖盘
13:02:53	12.77	0.01	1562	1994674	中性盘
13:02:48	12.76	-0.01	221	281996	卖盘
13:02:43	12.77	--	624	798073	买盘
13:02:38	12.77	--	48	61806	卖盘
13:02:33	12.77	-0.01	332	423964	卖盘
13:02:28	12.78	0.01	82	104796	中性盘
13:02:23	12.77	--	696	889558	卖盘
13:02:18	12.77	-0.01	630	804510	卖盘
13:02:13	12.78	--	213	272674	卖盘
13:02:08	12.78	-0.01	641	819198	卖盘
13:02:03	12.79	0.01	30	38370	卖盘
13:01:58	12.78	--	1185	1514430	卖盘
13:01:53	12.78	-0.01	1592	2034576	卖盘
13:01:43	12.79	--	527	674391	卖盘
13:01:43	12.79	0.01	1990	2546182	买盘
13:01:38	12.78	-0.01	246	314388	卖盘
13:01:33	12.79	0.01	39	49881	买盘
13:01:28	12.78	-0.01	348	444744	卖盘
13:01:23	12.79	0.01	404	516715	买盘
13:01:18	12.78	-0.01	52	67222	卖盘
13:01:13	12.79	--	107	136853	买盘
13:01:08	12.79	0.01	6	7673	买盘
13:01:03	12.78	-0.01	491	628724	卖盘
13:00:58	12.79	--	32	40928	卖盘
13:00:53	12.79	--	49	62670	卖盘
13:00:48	12.79	--	342	437673	卖盘
13:00:43	12.79	-0.01	488	625226	卖盘
13:00:38	12.8	-0.02	5629	7205324	卖盘
13:00:33	12.82	-0.01	510	653820	买盘
13:00:28	12.83	0.01	419	537577	买盘
13:00:23	12.82	--	94	120508	卖盘
13:00:18	12.82	-0.01	384	493159	卖盘
13:00:13	12.83	0.01	986	1265551	中性盘
13:00:08	12.82	-0.02	3218	4125476	卖盘
13:00:03	12.84	-0.03	3006	3860320	卖盘
11:30:02	12.87	0.01	82	105534	买盘
11:29:57	12.86	--	102	131172	卖盘
11:29:47	12.86	--	17	21862	卖盘
11:29:42	12.86	--	106	136316	卖盘
11:29:37	12.86	--	383	493772	买盘
11:29:32	12.86	--	298	383228	买盘
11:29:27	12.86	--	396	509256	买盘
11:29:22	12.86	--	144	185184	买盘
11:29:17	12.86	--	38	50102	买盘
11:29:12	12.86	--	15	19341	买盘
11:29:07	12.86	--	41	52931	买盘
11:29:02	12.86	--	300	386931	买盘
11:28:57	12.86	-0.01	10	12860	买盘
11:28:52	12.87	0.01	1489	1916343	买盘
11:28:47	12.86	-0.01	96	123456	卖盘
11:28:42	12.87	--	6	7721	买盘
11:28:37	12.87	--	37	47619	买盘
11:28:32	12.87	--	5	6435	买盘
11:28:27	12.87	0.01	114	146718	买盘
11:28:22	12.86	0.01	44	56584	买盘
11:28:17	12.85	-0.01	162	208786	卖盘
11:28:12	12.86	--	84	108024	卖盘
11:28:07	12.86	--	323	415429	买盘
11:28:02	12.86	--	42	55246	买盘
11:27:57	12.86	--	30	38580	买盘
11:27:52	12.86	--	1	1337	买盘
11:27:47	12.86	--	6	8950	买盘
11:27:42	12.86	-0.01	321	412857	卖盘
11:27:37	12.87	0.02	187	241132	买盘
11:27:32	12.85	-0.01	302	389252	卖盘
11:27:27	12.86	--	684	879624	卖盘
11:27:22	12.86	--	162	208332	卖盘
11:27:17	12.86	-0.01	204	263527	卖盘
11:27:12	12.87	0.01	8	10296	买盘
11:27:07	12.86	--	213	274123	卖盘
11:27:02	12.86	--	108	138888	卖盘
11:26:57	12.86	0.01	248	318928	买盘
11:26:52	12.85	-0.01	197	253145	卖盘
11:26:47	12.86	0.01	38	48868	买盘
11:26:42	12.85	-0.01	51	66408	卖盘
11:26:37	12.86	--	132	169752	买盘
11:26:32	12.86	--	56	73250	买盘
11:26:27	12.86	0.01	161	207251	买盘
11:26:22	12.85	-0.01	45	57825	卖盘
11:26:17	12.86	--	11	14146	买盘
11:26:12	12.86	--	462	594132	买盘
11:26:07	12.86	--	111	142746	买盘
11:26:02	12.86	--	13	16718	买盘
11:25:57	12.86	--	79	101594	买盘
11:25:52	12.86	--	56	72016	买盘
11:25:47	12.86	--	296	380656	买盘
11:25:37	12.86	--	707	909202	卖盘
11:25:27	12.86	-0.01	36	46296	卖盘
11:25:22	12.87	0.01	50	64349	买盘
11:25:17	12.86	--	50	64300	卖盘
11:25:12	12.86	-0.01	123	158178	卖盘
11:25:07	12.87	0.02	199	257194	买盘
11:25:02	12.85	--	5	7504	卖盘
11:24:57	12.85	--	0	51	卖盘
11:24:52	12.85	--	44	56540	卖盘
11:24:47	12.85	0.01	670	861104	买盘
11:24:42	12.84	--	356	457104	买盘
11:24:37	12.84	--	43	55263	买盘
11:24:32	12.84	0.01	4	6368	买盘
11:24:27	12.83	--	79	101408	卖盘
11:24:22	12.83	--	62	79597	买盘
11:24:17	12.83	--	507	650481	买盘
11:24:12	12.83	--	58	74414	买盘
11:24:07	12.83	0.01	215	275845	买盘
11:24:02	12.82	--	17	21794	卖盘
11:23:57	12.82	--	20	25640	卖盘
11:23:52	12.82	--	20	25640	卖盘
11:23:47	12.82	--	12	15384	卖盘
11:23:42	12.82	--	29	37793	买盘
11:23:37	12.82	--	167	214094	买盘
11:23:32	12.82	--	20	25640	买盘
11:23:27	12.82	--	184	235888	买盘
11:23:22	12.82	0.01	159	203838	买盘
11:23:17	12.81	--	53	67893	卖盘
11:23:12	12.81	-0.01	31	39711	卖盘
11:23:07	12.82	--	268	343832	买盘
11:23:02	12.82	--	390	499980	买盘
11:22:57	12.82	--	76	98662	买盘
11:22:52	12.82	0.01	102	130764	买盘
11:22:42	12.81	-0.01	2	2562	卖盘
11:22:42	12.82	0.01	52	66664	买盘
11:22:37	12.81	-0.01	89	114060	卖盘
11:22:32	12.82	0.01	52	67894	买盘
11:22:27	12.81	-0.01	54	69174	卖盘
11:22:22	12.82	0.01	211	271168	买盘
11:22:17	12.81	--	21	26901	买盘
11:22:12	12.81	--	56	71736	买盘
11:22:07	12.81	--	358	458598	卖盘
11:22:02	12.81	-0.01	43	55083	卖盘
11:21:57	12.82	--	59	75638	买盘
11:21:52	12.82	0.01	686	879452	买盘
11:21:47	12.81	--	187	239547	卖盘
11:21:42	12.81	-0.01	802	1027362	卖盘
11:21:37	12.82	--	478	612796	买盘
11:21:32	12.82	--	39	49998	买盘
11:21:27	12.82	0.01	141	180762	买盘
11:21:22	12.81	-0.01	283	362523	卖盘
11:21:17	12.82	0.01	86	110252	买盘
11:21:12	12.81	-0.01	49	62769	卖盘
11:21:07	12.82	--	23	29947	买盘
11:21:02	12.82	--	280	358960	买盘
11:20:57	12.82	--	354	453828	买盘
11:20:52	12.82	--	78	99996	买盘
11:20:47	12.82	--	79	101278	买盘
11:20:42	12.82	--	60	76920	买盘
11:20:37	12.82	--	14	17948	买盘
11:20:32	12.82	--	68	87176	买盘
11:20:27	12.82	--	159	203838	买盘
11:20:22	12.82	--	46	59587	卖盘
11:20:17	12.82	--	123	157686	卖盘
11:20:12	12.82	--	61	78202	卖盘
11:20:07	12.82	-0.01	22	29332	卖盘
11:20:02	12.83	0.01	10	14061	买盘
11:19:57	12.82	--	23	29537	卖盘
11:19:52	12.82	0.01	118	152096	买盘
11:19:47	12.81	-0.01	618	791658	卖盘
11:19:42	12.82	--	33	42306	买盘
11:19:37	12.82	-0.01	61	78202	卖盘
11:19:27	12.83	0.01	102	130866	买盘
11:19:22	12.82	--	44	56408	买盘
11:19:17	12.82	0.01	67	85894	买盘
11:19:12	12.81	-0.01	107	137067	卖盘
11:19:07	12.82	--	7	8974	买盘
11:19:02	12.82	0.01	71	91022	中性盘
11:18:52	12.81	-0.01	199	254919	卖盘
11:18:42	12.82	0.01	25	32050	卖盘
11:18:37	12.81	-0.01	53	67893	卖盘
11:18:32	12.82	0.01	240	308500	买盘
11:18:27	12.81	--	997	1277618	卖盘
11:18:22	12.81	-0.01	286	366366	卖盘
11:18:17	12.82	--	109	139738	买盘
11:18:12	12.82	0.01	106	135892	买盘
11:18:07	12.81	--	93	119133	卖盘
11:18:02	12.81	-0.01	85	108885	卖盘
11:17:57	12.82	0.01	21	26922	买盘
11:17:52	12.81	--	68	87108	卖盘
11:17:47	12.81	-0.01	94	121182	卖盘
11:17:42	12.82	--	11	14102	买盘
11:17:37	12.82	--	76	97432	卖盘
11:17:27	12.82	0.01	105	134610	买盘
11:17:27	12.81	-0.01	18	23058	卖盘
11:17:22	12.82	--	86	110252	买盘
11:17:12	12.82	0.01	175	224606	买盘
11:17:07	12.81	--	17	21981	卖盘
11:17:02	12.81	-0.01	5	6405	卖盘
11:16:57	12.82	--	28	35896	买盘
11:16:52	12.82	--	124	158968	买盘
11:16:42	12.82	0.01	50	64100	买盘
11:16:42	12.81	--	241	309592	买盘
11:16:22	12.81	--	127	162687	买盘
11:16:17	12.81	--	23	29463	买盘
11:16:12	12.81	--	55	70455	买盘
11:16:07	12.81	--	193	247233	买盘
11:16:02	12.81	--	145	185745	卖盘
11:15:57	12.81	-0.02	6	7686	卖盘
11:15:37	12.83	0.01	219	280977	买盘
11:15:37	12.82	0.02	115	147430	买盘
11:15:32	12.8	-0.02	54	69120	卖盘
11:15:22	12.82	--	95	121790	买盘
11:15:22	12.82	--	211	270502	买盘
11:15:17	12.82	0.01	31	39742	买盘
11:15:12	12.81	0.01	45	58618	买盘
11:15:07	12.8	--	23	30566	卖盘
11:15:02	12.8	-0.01	66	84582	卖盘
11:14:57	12.81	-0.01	4	5124	卖盘
11:14:52	12.82	0.01	72	92304	买盘
11:14:47	12.81	0.01	55	70455	卖盘
11:14:37	12.8	-0.01	160	204800	卖盘
11:14:37	12.81	--	34	43554	买盘
11:14:32	12.81	--	10	12810	买盘
11:14:27	12.81	--	247	316407	卖盘
11:14:22	12.81	--	79	101199	卖盘
11:14:12	12.81	--	58	74707	买盘
11:14:07	12.81	0.01	20	25620	买盘
11:14:02	12.8	--	116	148480	卖盘
11:13:57	12.8	-0.01	5	6451	卖盘
11:13:52	12.81	--	6	8915	买盘
11:13:47	12.81	0.01	44	56364	买盘
11:13:42	12.8	-0.01	355	454451	卖盘
11:13:37	12.81	--	4	5124	卖盘
11:13:32	12.81	-0.01	2	3791	卖盘
11:13:22	12.82	0.02	500	641000	买盘
11:13:17	12.8	--	146	187596	卖盘
11:13:12	12.8	--	85	109312	卖盘
11:13:07	12.8	--	45	57702	买盘
11:13:02	12.8	--	148	189440	买盘
11:12:57	12.8	-0.02	215	276377	卖盘
11:12:52	12.82	0.01	10	12820	买盘
11:12:47	12.81	0.01	314	402336	买盘
11:12:42	12.8	--	630	807628	买盘
11:12:37	12.8	-0.01	243	312268	卖盘
11:12:32	12.81	--	114	146034	买盘
11:12:27	12.81	--	236	302316	买盘
11:12:22	12.81	--	128	163968	买盘
11:12:17	12.81	0.01	33	42273	中性盘
11:12:12	12.8	-0.01	3007	3848960	卖盘
11:12:07	12.81	-0.01	26	33306	卖盘
11:12:02	12.82	--	46	59023	买盘
11:11:57	12.82	0.01	250	320500	买盘
11:11:52	12.81	-0.01	686	879893	卖盘
11:11:47	12.82	0.01	52	66664	买盘
11:11:42	12.81	--	482	617442	卖盘
11:11:37	12.81	-0.01	56	71736	卖盘
11:11:32	12.82	--	56	71792	买盘
11:11:27	12.82	--	60	76920	买盘
11:11:22	12.82	--	232	297424	买盘
11:11:17	12.82	-0.01	409	524338	卖盘
11:11:12	12.83	--	6	7698	买盘
11:11:07	12.83	0.02	287	368528	买盘
11:11:02	12.81	-0.02	409	523929	卖盘
11:10:57	12.83	0.01	131	169202	买盘
11:10:52	12.82	--	142	182044	买盘
11:10:47	12.82	--	61	78253	买盘
11:10:42	12.82	--	72	93534	买盘
11:10:37	12.82	--	13	16717	买盘
11:10:32	12.82	--	170	219170	买盘
11:10:27	12.82	--	264	338448	买盘
11:10:22	12.82	-0.01	990	1269333	卖盘
11:10:17	12.83	0.01	141	182032	买盘
11:10:12	12.82	-0.01	500	641000	卖盘
11:10:07	12.83	--	84	108644	买盘
11:10:02	12.83	--	115	147545	买盘
11:09:57	12.83	-0.01	172	220676	中性盘
11:09:52	12.84	0.01	282	362447	买盘
11:09:47	12.83	--	116	148828	卖盘
11:09:42	12.83	--	287	368221	卖盘
11:09:37	12.83	0.01	497	637702	买盘
11:09:32	12.82	0.01	98	126866	买盘
11:09:27	12.81	-0.01	50	64050	卖盘
11:09:22	12.82	--	157	201325	买盘
11:09:17	12.82	0.01	184	235888	买盘
11:09:12	12.81	--	296	380405	买盘
11:09:07	12.81	0.01	171	219307	买盘
11:09:02	12.8	--	222	284160	卖盘
11:08:57	12.8	--	48	62208	卖盘
11:08:52	12.8	-0.01	146	186880	卖盘
11:08:47	12.81	0.01	2	2562	买盘
11:08:42	12.8	--	62	80230	买盘
11:08:37	12.8	--	99	126720	买盘
11:08:32	12.8	--	86	110080	买盘
11:08:27	12.8	0.01	175	224921	买盘
11:08:22	12.79	-0.01	79	101041	卖盘
11:08:17	12.8	--	2297	2940160	卖盘
11:08:12	12.8	--	52	66560	卖盘
11:08:07	12.8	--	3145	4026368	卖盘
11:08:02	12.8	0.01	1697	2172672	买盘
11:07:57	12.79	--	109	139411	买盘
11:07:52	12.79	0.01	3267	4179004	买盘
11:07:37	12.78	-0.01	296	378543	卖盘
11:07:37	12.79	0.01	25	31974	买盘
11:07:32	12.78	--	2790	3566642	买盘
11:07:27	12.78	0.01	574	733572	买盘
11:07:22	12.77	-0.01	277	354597	卖盘
11:07:17	12.78	--	19	25304	买盘
11:07:12	12.78	--	314	402314	买盘
11:07:07	12.78	--	80	102495	买盘
11:07:02	12.78	0.01	90	115020	买盘
11:06:57	12.77	--	65	83005	卖盘
11:06:52	12.77	--	197	251569	卖盘
11:06:47	12.77	--	19	24263	卖盘
11:06:42	12.77	--	151	192827	买盘
11:06:37	12.77	--	76	97052	买盘
11:06:32	12.77	--	190	242630	买盘
11:06:27	12.77	--	1845	2356065	买盘
11:06:22	12.77	--	748	955196	买盘
11:06:17	12.77	--	141	180057	买盘
11:06:12	12.77	--	202	257954	买盘
11:06:07	12.77	0.01	165	210705	买盘
11:06:02	12.76	-0.01	860	1097360	卖盘
11:05:57	12.77	--	331	422687	买盘
11:05:52	12.77	--	282	360114	买盘
11:05:47	12.77	-0.01	210	268170	卖盘
11:05:42	12.78	0.01	1085	1386630	买盘
11:05:37	12.77	--	319	407363	卖盘
11:05:32	12.77	--	4110	5249338	买盘
11:05:27	12.77	--	442	564434	买盘
11:05:22	12.77	--	22	28094	买盘
11:05:17	12.77	--	274	349898	买盘
11:05:12	12.77	--	850	1085705	买盘
11:05:07	12.77	--	78	99657	买盘
11:05:02	12.77	0.01	545	695965	买盘
11:04:57	12.76	-0.01	103	131428	卖盘
11:04:52	12.77	--	1375	1755875	买盘
11:04:47	12.77	--	362	462274	卖盘
11:04:37	12.77	--	330	421410	卖盘
11:04:32	12.77	--	91	116207	买盘
11:04:27	12.77	--	269	343513	买盘
11:04:22	12.77	--	231	294987	买盘
11:04:17	12.77	0.01	465	593805	买盘
11:04:12	12.76	--	32	40832	卖盘
11:04:07	12.76	--	164	210284	卖盘
11:04:02	12.76	--	3054	3897924	买盘
11:03:57	12.76	--	298	380248	买盘
11:03:52	12.76	0.01	132	169605	买盘
11:03:47	12.75	--	73	93075	卖盘
11:03:42	12.75	--	36	46767	卖盘
11:03:37	12.75	--	198	253011	买盘
11:03:32	12.75	0.01	962	1226550	买盘
11:03:27	12.74	--	611	778414	卖盘
11:03:22	12.74	-0.01	448	570752	卖盘
11:03:17	12.75	--	545	694875	买盘
11:03:12	12.75	--	1993	2541075	买盘
11:03:07	12.75	--	2807	3579894	卖盘
11:03:02	12.75	-0.02	438	558552	卖盘
11:02:57	12.77	0.01	115	146855	买盘
11:02:52	12.76	0.01	663	846192	买盘
11:02:47	12.75	--	594	757350	买盘
11:02:42	12.75	--	662	844050	买盘
11:02:37	12.75	-0.03	5954	7592523	卖盘
11:02:32	12.78	0.02	124	158472	买盘
11:02:27	12.76	-0.02	255	325380	卖盘
11:02:22	12.78	0.02	566	723348	买盘
11:02:17	12.76	--	356	454256	卖盘
11:02:12	12.76	--	282	359832	卖盘
11:02:07	12.76	0.01	718	916168	卖盘
11:02:02	12.75	--	402	512550	卖盘
11:01:57	12.75	-0.01	886	1130262	卖盘
11:01:52	12.76	--	544	694144	买盘
11:01:47	12.76	--	486	620136	买盘
11:01:42	12.76	--	400	511165	买盘
11:01:37	12.76	--	397	506572	买盘
11:01:32	12.76	--	265	338140	买盘
11:01:27	12.76	--	57	72732	买盘
11:01:22	12.76	-0.01	516	659334	卖盘
11:01:17	12.77	--	218	278386	买盘
11:01:12	12.77	--	359	458698	买盘
11:01:07	12.77	--	430	549314	买盘
11:01:02	12.77	0.01	510	651270	买盘
11:00:57	12.76	-0.01	76	96976	卖盘
11:00:52	12.77	--	2858	3650840	买盘
11:00:47	12.77	--	171	218367	买盘
11:00:42	12.77	--	538	687638	卖盘
11:00:37	12.77	-0.02	467	596359	卖盘
11:00:32	12.79	0.01	2569	3286262	买盘
11:00:27	12.78	--	771	985593	买盘
11:00:22	12.78	0.01	397	507366	买盘
11:00:17	12.77	--	415	530567	卖盘
11:00:12	12.77	-0.01	356	455378	卖盘
11:00:07	12.78	--	140	179993	买盘
11:00:02	12.78	--	197	251766	买盘
10:59:52	12.78	--	965	1234394	卖盘
10:59:47	12.78	--	78	100910	卖盘
10:59:42	12.78	--	562	718236	卖盘
10:59:37	12.78	-0.01	744	950832	卖盘
10:59:32	12.79	--	140	179060	买盘
10:59:27	12.79	--	559	715933	买盘
10:59:22	12.79	0.01	308	393932	买盘
10:59:17	12.78	--	212	270936	卖盘
10:59:12	12.78	-0.01	823	1051998	卖盘
10:59:07	12.79	0.01	1102	1409458	买盘
10:59:02	12.78	-0.02	965	1234190	卖盘
10:58:57	12.8	0.01	105	134400	买盘
10:58:52	12.79	--	1307	1672215	卖盘
10:58:47	12.79	-0.01	253	323587	卖盘
10:58:42	12.8	0.01	163	208640	买盘
10:58:37	12.79	-0.01	782	1000177	卖盘
10:58:32	12.8	0.01	351	449280	买盘
10:58:27	12.79	-0.01	290	370910	卖盘
10:58:22	12.8	--	341	436480	买盘
10:58:17	12.8	--	96	122880	买盘
10:58:12	12.8	--	516	660480	买盘
10:58:07	12.8	--	741	949094	卖盘
10:58:02	12.8	--	694	888320	卖盘
10:57:57	12.8	--	312	400025	卖盘
10:57:52	12.8	--	215	275200	卖盘
10:57:47	12.8	--	83	106240	卖盘
10:57:42	12.8	--	45	57600	卖盘
10:57:37	12.8	-0.01	112	143360	中性盘
10:57:32	12.81	0.01	471	603351	买盘
10:57:27	12.8	-0.01	132	168960	卖盘
10:57:22	12.81	--	79	102377	卖盘
10:57:17	12.81	--	1323	1695275	买盘
10:57:12	12.81	0.01	86	110166	买盘
10:57:07	12.8	-0.01	750	960204	卖盘
10:57:02	12.81	0.01	768	983808	卖盘
10:56:57	12.8	--	1493	1911193	卖盘
10:56:52	12.8	-0.01	128	165068	卖盘
10:56:47	12.81	--	869	1113240	买盘
10:56:42	12.81	--	162	208751	买盘
10:56:37	12.81	--	1141	1461672	买盘
10:56:32	12.81	--	302	386862	买盘
10:56:27	12.81	0.01	225	288225	买盘
10:56:22	12.8	-0.01	332	424960	卖盘
10:56:17	12.81	0.01	622	797550	卖盘
10:56:12	12.8	--	495	633600	卖盘
10:56:07	12.8	-0.02	548	701440	卖盘
10:56:02	12.82	0.02	1248	1599936	买盘
10:55:57	12.8	--	960	1228800	卖盘
10:55:52	12.8	-0.02	1192	1525760	卖盘
10:55:47	12.82	--	434	556388	买盘
10:55:42	12.82	--	1686	2161964	卖盘
10:55:37	12.82	--	385	494339	买盘
10:55:32	12.82	--	10102	12951276	卖盘
10:55:27	12.82	--	294	376908	卖盘
10:55:22	12.82	-0.01	114	146148	卖盘
10:55:17	12.83	0.01	23	29509	买盘
10:55:12	12.82	--	296	379472	卖盘
10:55:07	12.82	-0.01	317	407265	卖盘
10:55:02	12.83	--	144	184752	中性盘
10:54:57	12.83	--	762	978313	卖盘
10:54:52	12.83	-0.01	358	459314	卖盘
10:54:47	12.84	--	176	225984	买盘
10:54:42	12.84	0.01	155	199020	买盘
10:54:37	12.83	--	68	87244	卖盘
10:54:32	12.83	--	129	165507	卖盘
10:54:22	12.83	0.01	395	506785	买盘
10:54:17	12.82	-0.02	22	28204	卖盘
10:54:12	12.84	0.01	245	314580	买盘
10:54:07	12.83	0.01	506	649198	买盘
10:54:02	12.82	-0.01	417	534645	卖盘
10:53:57	12.83	0.01	291	373353	中性盘
10:53:52	12.82	--	116	148712	卖盘
10:53:47	12.82	-0.02	439	562798	卖盘
10:53:42	12.84	0.02	39	50076	中性盘
10:53:37	12.82	-0.02	1251	1604448	卖盘
10:53:32	12.84	--	385	494391	卖盘
10:53:27	12.84	0.01	995	1278453	买盘
10:53:22	12.83	--	74	94942	买盘
10:53:17	12.83	0.01	772	990476	买盘
10:53:12	12.82	-0.01	2697	3458118	卖盘
10:53:07	12.83	-0.02	428	549329	卖盘
10:53:02	12.85	0.01	267	343506	买盘
10:52:57	12.84	-0.01	129	165636	卖盘
10:52:52	12.85	0.01	309	397116	买盘
10:52:47	12.84	--	422	541848	买盘
10:52:37	12.84	-0.01	6041	7757260	卖盘
10:52:27	12.85	--	193	249033	买盘
10:52:22	12.85	--	205	263425	买盘
10:52:17	12.85	--	165	212025	买盘
10:52:12	12.85	--	225	289639	买盘
10:52:07	12.85	--	160	205600	买盘
10:52:02	12.85	--	447	574395	买盘
10:51:57	12.85	0.01	154	197890	买盘
10:51:52	12.84	-0.01	284	364656	卖盘
10:51:47	12.85	--	114	146490	买盘
10:51:42	12.85	--	157	201745	买盘
10:51:37	12.85	0.01	213	273705	买盘
10:51:32	12.84	--	106	136104	卖盘
10:51:27	12.84	-0.01	148	190032	卖盘
10:51:22	12.85	--	79	101515	买盘
10:51:17	12.85	--	103	132355	买盘
10:51:12	12.85	0.01	248	318680	买盘
10:51:07	12.84	-0.02	90	115560	卖盘
10:51:02	12.86	0.01	213	273918	买盘
10:50:57	12.85	--	167	214595	买盘
10:50:47	12.85	-0.01	80	102800	买盘
10:50:47	12.86	0.02	338	434668	买盘
10:50:42	12.84	-0.02	249	320383	卖盘
10:50:37	12.86	--	1663	2138618	买盘
10:50:32	12.86	0.01	54	69444	买盘
10:50:27	12.85	-0.01	613	787705	卖盘
10:50:22	12.86	0.01	138	178548	买盘
10:50:17	12.85	-0.01	257	330245	卖盘
10:50:12	12.86	0.01	78	100308	买盘
10:50:07	12.85	--	34	44769	卖盘
10:50:02	12.85	--	196	252374	卖盘
10:49:57	12.85	-0.01	175	224875	卖盘
10:49:52	12.86	0.01	337	433382	买盘
10:49:47	12.85	-0.01	3	3855	卖盘
10:49:42	12.86	0.01	42	54012	买盘
10:49:37	12.85	--	72	93291	卖盘
10:49:32	12.85	--	35	44975	卖盘
10:49:27	12.85	--	128	164891	卖盘
10:49:22	12.85	--	27	34746	卖盘
10:49:17	12.85	-0.01	30	39578	卖盘
10:49:12	12.86	0.01	93	119855	买盘
10:49:07	12.85	--	22	28270	买盘
10:49:02	12.85	--	136	175993	卖盘
10:48:57	12.85	--	201	258336	卖盘
10:48:52	12.85	--	80	104033	卖盘
10:48:47	12.85	--	866	1113478	卖盘
10:48:42	12.85	--	35	44975	卖盘
10:48:37	12.85	--	372	478277	卖盘
10:48:32	12.85	0.01	490	630832	买盘
10:48:27	12.84	--	122	156648	卖盘
10:48:22	12.84	--	112	145040	卖盘
10:48:17	12.84	--	215	277138	卖盘
10:48:12	12.84	--	46	59064	卖盘
10:48:07	12.84	--	546	701064	卖盘
10:48:02	12.84	-0.01	516	662954	卖盘
10:47:57	12.85	0.01	1212	1557522	买盘
10:47:52	12.84	-0.01	231	297271	卖盘
10:47:47	12.85	0.01	482	619370	买盘
10:47:42	12.84	--	296	380115	卖盘
10:47:37	12.84	-0.01	109	139956	卖盘
10:47:32	12.85	-0.01	79	101515	买盘
10:47:27	12.86	0.02	246	316356	中性盘
10:47:22	12.84	-0.01	1089	1399405	卖盘
10:47:17	12.85	-0.01	552	709936	卖盘
10:47:12	12.86	--	490	630191	买盘
10:47:07	12.86	--	80	102880	买盘
10:47:02	12.86	-0.01	10161	13067046	卖盘
10:46:57	12.87	--	123	158301	买盘
10:46:52	12.87	--	57	73359	买盘
10:46:47	12.87	--	315	405405	买盘
10:46:42	12.87	--	9	11583	买盘
10:46:37	12.87	-0.01	349	449214	卖盘
10:46:32	12.88	0.02	199	256827	买盘
10:46:27	12.86	-0.02	41	52726	卖盘
10:46:22	12.88	--	17	21896	买盘
10:46:17	12.88	0.02	226	291088	卖盘
10:46:07	12.86	-0.02	6258	8047788	卖盘
10:46:02	12.88	-0.01	370	476560	卖盘
10:46:02	12.89	--	207	266823	卖盘
10:45:57	12.89	--	34	43826	卖盘
10:45:52	12.89	-0.01	87	112143	中性盘
10:45:47	12.9	0.01	446	575391	买盘
10:45:42	12.89	--	146	188194	卖盘
10:45:37	12.89	--	1056	1361184	买盘
10:45:32	12.89	--	911	1174330	卖盘
10:45:27	12.89	--	794	1023672	卖盘
10:45:22	12.89	-0.01	337	435321	卖盘
10:45:17	12.9	0.01	1128	1455120	买盘
10:45:12	12.89	--	721	929987	卖盘
10:45:07	12.89	-0.01	978	1261260	卖盘
10:45:02	12.9	-0.01	242	312902	卖盘
10:44:57	12.91	0.01	16	21895	买盘
10:44:52	12.9	--	122	157380	卖盘
10:44:47	12.9	0.01	55	71001	中性盘
10:44:42	12.89	-0.01	1234	1591863	卖盘
10:44:37	12.9	--	177	229516	卖盘
10:44:32	12.9	--	294	379260	买盘
10:44:27	12.9	0.01	72	93602	卖盘
10:44:22	12.89	-0.02	242	311938	卖盘
10:44:17	12.91	0.01	845	1090946	买盘
10:44:02	12.9	--	9	11661	买盘
10:43:57	12.9	--	30	38700	买盘
10:43:52	12.9	--	710	916622	卖盘
10:43:47	12.9	--	73	94221	卖盘
10:43:42	12.9	--	48	61920	卖盘
10:43:37	12.9	--	224	290198	卖盘
10:43:32	12.9	--	131	169041	卖盘
10:43:27	12.9	--	251	324048	卖盘
10:43:22	12.9	--	124	159960	卖盘
10:43:17	12.9	--	74	96698	卖盘
10:43:12	12.9	--	418	539220	卖盘
10:43:02	12.9	--	214	276318	卖盘
10:43:02	12.9	--	54	70588	卖盘
10:42:57	12.9	-0.01	819	1056510	卖盘
10:42:52	12.91	0.01	314	406406	买盘
10:42:47	12.9	--	224	288960	卖盘
10:42:42	12.9	--	247	318630	卖盘
10:42:37	12.9	--	654	843660	卖盘
10:42:32	12.9	--	643	829470	卖盘
10:42:27	12.9	--	209	269610	卖盘
10:42:22	12.9	--	364	469560	卖盘
10:42:17	12.9	-0.01	52	67080	卖盘
10:42:12	12.91	--	1922	2481302	买盘
10:42:07	12.91	--	1208	1560199	买盘
10:42:02	12.91	0.01	2533	3270154	买盘
10:41:57	12.9	--	575	742833	卖盘
10:41:52	12.9	--	1162	1498980	卖盘
10:41:47	12.9	--	2993	3861073	卖盘
10:41:42	12.9	--	888	1145520	卖盘
10:41:37	12.9	-0.01	535	690872	卖盘
10:41:32	12.91	0.01	643	830784	买盘
10:41:27	12.9	--	649	837313	卖盘
10:41:22	12.9	--	268	345720	卖盘
10:41:17	12.9	-0.01	132	170280	卖盘
10:41:12	12.91	0.01	346	447563	买盘
10:41:07	12.9	-0.01	461	595567	卖盘
10:41:02	12.91	--	252	325332	买盘
10:40:57	12.91	--	16	21895	买盘
10:40:52	12.91	--	32	41312	买盘
10:40:47	12.91	0.01	19	24580	买盘
10:40:42	12.9	-0.01	138	178020	卖盘
10:40:37	12.91	0.01	56	73535	买盘
10:40:32	12.9	-0.01	48	62797	卖盘
10:40:27	12.91	0.01	370	477670	买盘
10:40:22	12.9	--	44	56760	卖盘
10:40:17	12.9	-0.01	303	391282	卖盘
10:40:12	12.91	--	977	1261358	卖盘
10:40:07	12.91	--	318	410951	卖盘
10:40:02	12.91	-0.01	735	948885	卖盘
10:39:57	12.92	0.01	41	52972	买盘
10:39:52	12.91	-0.02	479	618389	卖盘
10:39:47	12.93	0.02	28	36204	买盘
10:39:42	12.91	-0.01	737	951467	卖盘
10:39:37	12.92	-0.01	13	17467	卖盘
10:39:32	12.93	0.01	223	288339	中性盘
10:39:27	12.92	-0.01	110	142533	卖盘
10:39:17	12.93	0.01	31	40289	买盘
10:39:12	12.92	--	80	103360	卖盘
10:39:07	12.92	-0.01	62	80982	卖盘
10:39:02	12.93	--	13	17222	卖盘
10:38:57	12.93	--	47	61650	买盘
10:38:52	12.93	--	311	402123	卖盘
10:38:47	12.93	-0.01	41	53013	卖盘
10:38:42	12.94	0.01	10	12940	买盘
10:38:37	12.93	--	370	478410	卖盘
10:38:32	12.93	--	95	122835	买盘
10:38:27	12.93	-0.01	215	277995	买盘
10:38:22	12.94	0.01	50	64700	买盘
10:38:17	12.93	-0.01	58	74994	中性盘
10:38:12	12.94	0.02	488	632662	买盘
10:38:07	12.92	-0.01	513	662796	卖盘
10:38:02	12.93	-0.01	447	577971	卖盘
10:37:57	12.94	--	729	943326	买盘
10:37:52	12.94	0.01	433	560302	买盘
10:37:47	12.93	-0.01	349	451360	卖盘
10:37:42	12.94	0.01	82	106108	买盘
10:37:37	12.93	-0.01	74	95682	卖盘
10:37:32	12.94	0.01	160	207040	买盘
10:37:27	12.93	--	42	54306	卖盘
10:37:22	12.93	--	77	99561	卖盘
10:37:17	12.93	--	1773	2292902	卖盘
10:37:12	12.93	--	268	346524	卖盘
10:37:07	12.93	--	231	298941	卖盘
10:37:02	12.93	0.01	438	566540	买盘
10:36:57	12.92	-0.01	462	596904	卖盘
10:36:52	12.93	0.01	93	120300	中性盘
10:36:47	12.92	-0.01	638	824296	卖盘
10:36:42	12.93	--	28	36204	卖盘
10:36:37	12.93	--	280	362660	卖盘
10:36:27	12.93	--	16	21670	卖盘
10:36:27	12.93	--	75	96975	卖盘
10:36:22	12.93	--	141	182313	卖盘
10:36:17	12.93	--	130	169279	买盘
10:36:12	12.93	--	12	15516	中性盘
10:36:07	12.93	-0.01	28	36204	卖盘
10:35:57	12.94	0.01	186	241512	买盘
10:35:57	12.93	--	7	9051	卖盘
10:35:52	12.93	-0.01	117	151281	卖盘
10:35:47	12.94	--	25	32350	买盘
10:35:42	12.94	0.01	8	10352	买盘
10:35:37	12.93	--	228	294804	卖盘
10:35:27	12.93	--	188	243549	卖盘
10:35:27	12.93	0.01	222	287925	中性盘
10:35:22	12.92	--	30	38760	卖盘
10:35:17	12.92	--	279	361139	卖盘
10:35:07	12.92	-0.01	66	86408	卖盘
10:35:02	12.93	0.02	317	409881	买盘
10:34:57	12.91	--	55	71005	卖盘
10:34:52	12.91	-0.02	60	77460	卖盘
10:34:47	12.93	--	70	90510	买盘
10:34:37	12.93	--	107	138351	买盘
10:34:37	12.93	0.02	95	122835	买盘
10:34:32	12.91	--	228	294348	卖盘
10:34:27	12.91	-0.03	152	197109	卖盘
10:34:22	12.94	0.01	653	844982	买盘
10:34:17	12.93	--	275	355937	买盘
10:34:12	12.93	--	364	470652	买盘
10:34:07	12.93	--	53	68529	买盘
10:34:02	12.93	--	49	63357	买盘
10:33:57	12.93	--	140	182209	买盘
10:33:52	12.93	0.01	88	113784	买盘
10:33:47	12.92	-0.02	93	121034	卖盘
10:33:37	12.94	0.01	228	295032	买盘
10:33:37	12.93	0.01	44	56892	卖盘
10:33:32	12.92	-0.01	97	125324	卖盘
10:33:27	12.93	0.01	4	5172	卖盘
10:33:22	12.92	-0.02	47	60724	卖盘
10:33:17	12.94	0.02	638	826555	买盘
10:33:12	12.92	--	155	200570	卖盘
10:33:07	12.92	-0.01	92	120000	卖盘
10:33:02	12.93	0.02	107	139488	买盘
10:32:57	12.91	-0.01	200	258200	卖盘
10:32:52	12.92	--	125	161655	卖盘
10:32:47	12.92	--	258	333336	卖盘
10:32:42	12.92	--	103	133437	卖盘
10:32:37	12.92	-0.01	16	21447	卖盘
10:32:32	12.93	--	50	64650	买盘
10:32:27	12.93	--	78	100854	买盘
10:32:22	12.93	--	39	50427	买盘
10:32:17	12.93	0.01	121	156453	买盘
10:32:12	12.92	0.01	141	182172	买盘
10:32:07	12.91	-0.01	393	507363	卖盘
10:31:57	12.92	--	57	73644	买盘
10:31:57	12.92	--	86	111112	买盘
10:31:52	12.92	--	1066	1377272	买盘
10:31:47	12.92	0.01	483	624036	买盘
10:31:42	12.91	--	351	453141	卖盘
10:31:37	12.91	--	190	245548	卖盘
10:31:32	12.91	-0.01	79	101989	卖盘
10:31:27	12.92	0.01	65	83980	买盘
10:31:22	12.91	--	187	241417	卖盘
10:31:17	12.91	--	15	19365	卖盘
10:31:12	12.91	--	173	223549	买盘
10:31:07	12.91	--	2881	3719603	买盘
10:31:02	12.91	--	29	37439	买盘
10:30:57	12.91	0.01	260	335660	买盘
10:30:52	12.9	-0.01	148	190920	卖盘
10:30:47	12.91	0.01	482	622262	买盘
10:30:42	12.9	-0.01	74	95460	卖盘
10:30:37	12.91	--	153	197523	买盘
10:30:32	12.91	--	297	383556	买盘
10:30:27	12.91	0.01	86	111026	买盘
10:30:22	12.9	-0.01	199	256710	卖盘
10:30:17	12.91	--	522	674211	买盘
10:30:12	12.91	--	567	731997	买盘
10:30:07	12.91	--	267	345781	买盘
10:30:02	12.91	--	180	233309	买盘
10:29:57	12.91	0.01	120	154920	买盘
10:29:52	12.9	-0.01	2639	3404929	卖盘
10:29:47	12.91	0.01	403	520273	买盘
10:29:42	12.9	-0.01	231	297990	卖盘
10:29:37	12.91	--	195	251745	买盘
10:29:32	12.91	--	98	126518	买盘
10:29:22	12.91	--	192	247872	买盘
10:29:22	12.91	0.01	2174	2806634	买盘
10:29:17	12.9	--	1047	1351404	卖盘
10:29:12	12.9	-0.01	5306	6845178	卖盘
10:29:07	12.91	0.01	366	472738	买盘
10:29:02	12.9	-0.01	34	43860	卖盘
10:28:57	12.91	0.01	32	41312	买盘
10:28:52	12.9	-0.01	648	835920	卖盘
10:28:47	12.91	--	427	551257	买盘
10:28:42	12.91	--	179	231089	买盘
10:28:37	12.91	--	14	18074	买盘
10:28:32	12.91	--	43	55513	买盘
10:28:22	12.91	-0.01	1868	2412465	卖盘
10:28:22	12.92	0.01	3464	4475488	买盘
10:28:17	12.91	--	1025	1323275	卖盘
10:28:12	12.91	--	2467	3185568	卖盘
10:28:07	12.91	-0.01	595	768145	卖盘
10:28:02	12.92	--	402	519384	买盘
10:27:57	12.92	0.01	123	159277	买盘
10:27:52	12.91	-0.01	527	680357	卖盘
10:27:47	12.92	0.01	30	38760	买盘
10:27:42	12.91	-0.01	100	129100	卖盘
10:27:37	12.92	--	1190	1537480	买盘
10:27:32	12.92	--	40	51680	买盘
10:27:27	12.92	-0.01	1231	1590555	卖盘
10:27:22	12.93	--	1545	1997710	买盘
10:27:17	12.93	--	129	166797	买盘
10:27:12	12.93	0.01	159	205587	买盘
10:27:07	12.92	--	271	350364	卖盘
10:26:57	12.92	-0.01	41	52972	卖盘
10:26:47	12.93	0.01	769	994317	买盘
10:26:42	12.92	--	129	166668	卖盘
10:26:37	12.92	-0.01	66	85272	卖盘
10:26:32	12.93	0.01	6	7758	买盘
10:26:27	12.92	--	192	248064	卖盘
10:26:22	12.92	-0.01	45	58140	卖盘
10:26:17	12.93	--	580	749940	买盘
10:26:12	12.93	--	19	24567	买盘
10:26:07	12.93	0.01	31	40083	中性盘
10:26:02	12.92	-0.02	415	536180	卖盘
10:25:57	12.94	--	494	640012	买盘
10:25:47	12.94	0.01	275	355850	买盘
10:25:47	12.93	--	1016	1313688	卖盘
10:25:42	12.93	-0.01	113	146109	卖盘
10:25:37	12.94	0.01	134	173396	买盘
10:25:32	12.93	0.01	63	81459	买盘
10:25:27	12.92	-0.01	1176	1519392	卖盘
10:25:22	12.93	--	182	235326	买盘
10:25:17	12.93	0.01	111	143652	买盘
10:25:12	12.92	-0.01	10	12920	卖盘
10:25:07	12.93	--	34	43987	买盘
10:25:02	12.93	--	159	205587	买盘
10:24:57	12.93	--	160	206880	买盘
10:24:52	12.93	0.01	30	38790	中性盘
10:24:47	12.92	-0.01	626	808792	卖盘
10:24:42	12.93	0.01	171	221103	买盘
10:24:37	12.92	--	1802	2328184	卖盘
10:24:32	12.92	--	341	440572	卖盘
10:24:27	12.92	--	1149	1485309	卖盘
10:24:22	12.92	--	2163	2794983	卖盘
10:24:17	12.92	-0.01	767	991119	卖盘
10:24:12	12.93	--	710	918030	卖盘
10:24:07	12.93	--	510	659430	卖盘
10:24:02	12.93	--	293	379521	卖盘
10:23:57	12.93	--	479	619347	卖盘
10:23:52	12.93	-0.01	379	490047	卖盘
10:23:47	12.94	--	250	323500	买盘
10:23:42	12.94	--	2	2588	买盘
10:23:37	12.94	--	103	133333	买盘
10:23:32	12.94	0.01	240	310560	买盘
10:23:27	12.93	-0.01	558	721494	卖盘
10:23:22	12.94	--	6	7764	买盘
10:23:17	12.94	--	185	239390	买盘
10:23:12	12.94	--	123	159317	买盘
10:23:07	12.94	0.01	24	31314	买盘
10:23:02	12.93	--	55	71115	卖盘
10:22:57	12.93	-0.01	197	254721	卖盘
10:22:52	12.94	0.01	403	521482	买盘
10:22:47	12.93	--	51	65943	卖盘
10:22:37	12.93	--	50	64650	卖盘
10:22:32	12.93	--	459	593487	买盘
10:22:27	12.93	--	535	691755	买盘
10:22:22	12.93	--	64	82752	买盘
10:22:17	12.93	--	212	274478	买盘
10:22:12	12.93	--	23	29739	买盘
10:22:07	12.93	--	70	90510	卖盘
10:22:02	12.93	0.01	90	116370	中性盘
10:21:57	12.92	-0.02	610	788223	卖盘
10:21:47	12.94	0.01	75	97050	买盘
10:21:47	12.93	--	306	395658	买盘
10:21:42	12.93	--	93	120249	买盘
10:21:37	12.93	-0.01	352	455136	买盘
10:21:32	12.94	0.01	136	176139	买盘
10:21:27	12.93	-0.01	233	301269	卖盘
10:21:22	12.94	--	155	200932	买盘
10:21:17	12.94	--	100	129400	买盘
10:21:12	12.94	--	954	1234734	买盘
10:21:07	12.94	--	1375	1779250	买盘
10:21:02	12.94	0.01	218	282092	买盘
10:20:52	12.93	-0.01	115	148695	卖盘
10:20:52	12.94	0.01	496	641824	卖盘
10:20:47	12.93	-0.01	67	86631	卖盘
10:20:42	12.94	--	49	63406	卖盘
10:20:37	12.94	--	66	85404	卖盘
10:20:32	12.94	--	56	72464	卖盘
10:20:27	12.94	--	683	884319	卖盘
10:20:22	12.94	0.01	413	535612	买盘
10:20:17	12.93	-0.01	242	313449	卖盘
10:20:12	12.94	--	95	122930	买盘
10:20:07	12.94	0.01	521	674717	买盘
10:20:02	12.93	-0.01	564	729872	卖盘
10:19:57	12.94	0.01	756	979402	买盘
10:19:52	12.93	--	439	568144	卖盘
10:19:47	12.93	--	246	318078	卖盘
10:19:42	12.93	-0.01	496	641896	卖盘
10:19:37	12.94	--	155	200570	买盘
10:19:32	12.94	0.01	92	119203	买盘
10:19:27	12.93	-0.01	104	135040	卖盘
10:19:22	12.94	--	10	12940	买盘
10:19:17	12.94	--	413	534422	买盘
10:19:12	12.94	--	1151	1490015	卖盘
10:19:02	12.94	-0.01	12	15735	卖盘
10:19:02	12.95	0.01	1593	2062935	买盘
10:18:57	12.94	-0.01	194	252019	卖盘
10:18:52	12.95	--	174	225330	买盘
10:18:47	12.95	0.01	156	202020	买盘
10:18:42	12.94	--	644	833439	卖盘
10:18:37	12.94	--	500	647000	卖盘
10:18:32	12.94	-0.01	474	614235	卖盘
10:18:22	12.95	--	57	73815	卖盘
10:18:22	12.95	--	271	351204	买盘
10:18:17	12.95	0.01	368	477129	买盘
10:18:12	12.94	--	119	153986	卖盘
10:18:07	12.94	--	234	303313	卖盘
10:17:57	12.94	-0.01	121	156781	卖盘
10:17:57	12.95	-0.01	1099	1424370	卖盘
10:17:52	12.96	--	154	200128	买盘
10:17:47	12.96	0.01	266	344736	买盘
10:17:42	12.95	-0.01	725	939600	卖盘
10:17:32	12.96	0.01	295	382527	买盘
10:17:27	12.95	--	272	352240	卖盘
10:17:22	12.95	--	211	273270	卖盘
10:17:17	12.95	--	79	102823	卖盘
10:17:12	12.95	--	382	495182	卖盘
10:17:07	12.95	--	232	301424	卖盘
10:17:02	12.95	--	373	483553	买盘
10:16:57	12.95	--	84	108780	买盘
10:16:52	12.95	--	36	46620	买盘
10:16:47	12.95	--	67	87386	买盘
10:16:42	12.95	--	45	58275	卖盘
10:16:37	12.95	--	50	64750	买盘
10:16:32	12.95	--	23	29785	买盘
10:16:27	12.95	--	108	139860	买盘
10:16:22	12.95	--	16	20720	买盘
10:16:17	12.95	--	83	107485	买盘
10:16:12	12.95	--	253	328204	卖盘
10:16:07	12.95	--	100	129707	卖盘
10:16:02	12.95	--	218	282828	卖盘
10:15:57	12.95	--	145	187775	卖盘
10:15:52	12.95	--	492	638176	买盘
10:15:47	12.95	--	25	32375	买盘
10:15:42	12.95	0.01	115	149494	买盘
10:15:37	12.94	-0.01	282	365063	卖盘
10:15:32	12.95	--	283	366485	买盘
10:15:27	12.95	--	300	389069	买盘
10:15:22	12.95	0.01	255	330380	买盘
10:15:17	12.94	-0.01	230	298189	卖盘
10:15:12	12.95	0.01	227	294483	买盘
10:15:07	12.94	--	214	276967	卖盘
10:15:02	12.94	--	42	54348	卖盘
10:14:57	12.94	--	98	127355	卖盘
10:14:52	12.94	--	78	101889	卖盘
10:14:42	12.94	0.01	245	317288	买盘
10:14:37	12.93	--	265	342645	卖盘
10:14:32	12.93	-0.01	493	638302	卖盘
10:14:27	12.94	--	613	793765	买盘
10:14:22	12.94	--	28	36232	买盘
10:14:17	12.94	0.01	320	414080	买盘
10:14:12	12.93	--	179	231447	卖盘
10:14:07	12.93	-0.01	62	80166	卖盘
10:14:02	12.94	0.01	245	317573	买盘
10:13:57	12.93	--	240	310863	卖盘
10:13:52	12.93	--	257	332301	卖盘
10:13:47	12.93	-0.01	53	68529	卖盘
10:13:42	12.94	--	197	255332	卖盘
10:13:37	12.94	--	110	143219	买盘
10:13:32	12.94	0.01	62	80228	买盘
10:13:27	12.93	-0.01	537	695271	卖盘
10:13:22	12.94	--	187	242547	卖盘
10:13:17	12.94	0.01	176	228080	买盘
10:13:12	12.93	-0.01	161	208198	卖盘
10:13:07	12.94	--	219	283618	卖盘
10:13:02	12.94	--	157	204193	买盘
10:12:57	12.94	--	144	187500	买盘
10:12:52	12.94	0.01	125	161750	买盘
10:12:47	12.93	-0.01	259	334887	卖盘
10:12:42	12.94	--	57	73758	买盘
10:12:37	12.94	--	377	487838	买盘
10:12:32	12.94	--	536	693584	买盘
10:12:27	12.94	0.01	69	89286	买盘
10:12:22	12.93	-0.01	146	188778	卖盘
10:12:17	12.94	--	301	390011	买盘
10:12:12	12.94	0.01	117	151398	买盘
10:12:07	12.93	--	76	98268	卖盘
10:12:02	12.93	-0.01	372	480996	卖盘
10:11:57	12.94	0.01	63	81522	买盘
10:11:52	12.93	-0.01	16	20688	卖盘
10:11:47	12.94	0.01	34	43996	买盘
10:11:42	12.93	-0.01	290	374970	卖盘
10:11:37	12.94	--	208	269152	卖盘
10:11:32	12.94	-0.01	25	32350	卖盘
10:11:27	12.95	0.01	230	297850	买盘
10:11:22	12.94	--	175	226450	卖盘
10:11:17	12.94	--	61	78934	卖盘
10:11:12	12.94	--	500	647000	买盘
10:11:07	12.94	--	38	50051	买盘
10:11:02	12.94	0.01	198	256212	买盘
10:10:57	12.93	-0.01	31	40083	卖盘
10:10:52	12.94	0.01	234	303054	买盘
10:10:47	12.93	--	165	213345	卖盘
10:10:42	12.93	-0.01	496	641328	卖盘
10:10:37	12.94	0.01	636	822984	买盘
10:10:32	12.93	--	247	319371	卖盘
10:10:27	12.93	--	51	66977	卖盘
10:10:22	12.93	--	97	125679	卖盘
10:10:17	12.93	--	92	118956	卖盘
10:10:12	12.93	--	17	21981	卖盘
10:10:07	12.93	--	141	182519	卖盘
10:10:02	12.93	--	194	250842	卖盘
10:09:57	12.93	--	139	179727	卖盘
10:09:52	12.93	-0.01	846	1093929	卖盘
10:09:47	12.94	--	105	136646	买盘
10:09:42	12.94	0.01	31	40114	买盘
10:09:37	12.93	-0.01	139	179727	卖盘
10:09:32	12.94	0.01	508	657352	买盘
10:09:27	12.93	-0.01	273	352989	卖盘
10:09:22	12.94	0.01	284	367961	买盘
10:09:17	12.93	--	149	192657	卖盘
10:09:12	12.93	--	591	764706	卖盘
10:09:07	12.93	--	140	181795	卖盘
10:09:02	12.93	-0.01	1220	1577641	卖盘
10:08:57	12.94	--	30	38820	买盘
10:08:52	12.94	-0.01	304	393376	卖盘
10:08:37	12.95	0.02	10	12950	买盘
10:08:32	12.93	-0.02	904	1169130	卖盘
10:08:27	12.95	--	479	620823	卖盘
10:08:17	12.95	0.02	2034	2634211	买盘
10:08:07	12.93	--	295	381435	卖盘
10:08:02	12.93	--	1072	1386096	卖盘
10:07:57	12.93	-0.01	86	111973	卖盘
10:07:52	12.94	0.01	654	846276	买盘
10:07:47	12.93	--	433	560412	卖盘
10:07:37	12.93	--	2107	2724351	卖盘
10:07:32	12.93	--	70	90510	卖盘
10:07:27	12.93	--	1475	1907562	卖盘
10:07:22	12.93	--	260	337447	卖盘
10:07:17	12.93	--	45	58185	卖盘
10:07:12	12.93	--	138	178434	卖盘
10:07:07	12.93	-0.01	365	472203	卖盘
10:07:02	12.94	0.01	79	102226	买盘
10:06:57	12.93	-0.01	586	758215	卖盘
10:06:52	12.94	0.01	78	100932	买盘
10:06:47	12.93	--	132	170676	卖盘
10:06:42	12.93	-0.01	224	289735	卖盘
10:06:37	12.94	--	210	271998	卖盘
10:06:32	12.94	--	772	1000003	卖盘
10:06:27	12.94	--	492	636648	卖盘
10:06:22	12.94	--	633	819102	卖盘
10:06:17	12.94	--	596	772207	卖盘
10:06:12	12.94	--	162	209628	卖盘
10:06:07	12.94	--	1864	2412766	卖盘
10:06:02	12.94	-0.01	766	991204	卖盘
10:05:57	12.95	--	778	1007510	卖盘
10:05:52	12.95	--	1809	2342655	卖盘
10:05:47	12.95	--	471	610281	卖盘
10:05:42	12.95	0.01	1036	1341723	买盘
10:05:37	12.94	-0.01	681	881214	卖盘
10:05:32	12.95	--	1150	1490130	卖盘
10:05:27	12.95	--	1114	1443821	卖盘
10:05:22	12.95	--	819	1061226	卖盘
10:05:17	12.95	-0.01	496	642320	卖盘
10:05:12	12.96	--	128	165888	买盘
10:05:07	12.96	--	210	272937	卖盘
10:05:02	12.96	--	318	412646	卖盘
10:04:57	12.96	-0.02	62	80352	中性盘
10:04:52	12.98	0.02	207	269724	买盘
10:04:47	12.96	0.01	110	142560	卖盘
10:04:42	12.95	-0.01	242	313959	卖盘
10:04:37	12.96	0.01	70	90720	中性盘
10:04:32	12.95	-0.01	306	396270	卖盘
10:04:27	12.96	--	801	1038096	买盘
10:04:22	12.96	--	233	301968	买盘
10:04:17	12.96	--	320	414720	买盘
10:04:12	12.96	0.01	170	220320	买盘
10:04:07	12.95	--	269	348976	卖盘
10:04:02	12.95	-0.01	162	209790	卖盘
10:03:57	12.96	--	126	163296	买盘
10:03:47	12.96	--	138	178848	买盘
10:03:42	12.96	--	51	66536	买盘
10:03:37	12.96	--	311	403056	买盘
10:03:32	12.96	--	584	756864	买盘
10:03:27	12.96	0.01	37	47952	买盘
10:03:22	12.95	-0.01	85	110075	卖盘
10:03:17	12.96	--	52	68221	买盘
10:03:12	12.96	0.01	193	251372	买盘
10:03:07	12.95	--	197	255762	卖盘
10:03:02	12.95	--	100	129500	卖盘
10:02:57	12.95	--	78	101010	卖盘
10:02:52	12.95	-0.01	268	347060	卖盘
10:02:47	12.96	--	18	23328	买盘
10:02:42	12.96	0.01	160	207800	买盘
10:02:37	12.95	--	44	57005	卖盘
10:02:32	12.95	--	28	37296	卖盘
10:02:27	12.95	--	46	59570	卖盘
10:02:22	12.95	--	60	77700	卖盘
10:02:17	12.95	-0.01	21	27195	卖盘
10:02:12	12.96	--	30	39294	买盘
10:02:07	12.96	0.01	113	147536	买盘
10:02:02	12.95	-0.01	33	42735	卖盘
10:01:57	12.96	--	103	133488	买盘
10:01:52	12.96	0.01	49	63504	买盘
10:01:47	12.95	--	35	45325	卖盘
10:01:42	12.95	-0.01	88	113960	卖盘
10:01:37	12.96	0.01	143	185846	买盘
10:01:32	12.95	-0.01	60	77700	卖盘
10:01:27	12.96	--	93	120528	买盘
10:01:22	12.96	--	240	311973	卖盘
10:01:17	12.96	--	56	72576	卖盘
10:01:12	12.96	--	53	68688	卖盘
10:01:07	12.96	--	166	215913	卖盘
10:01:02	12.96	--	191	247536	卖盘
10:00:57	12.96	0.01	106	137894	中性盘
10:00:52	12.95	--	1120	1450918	卖盘
10:00:47	12.95	-0.01	521	675575	卖盘
10:00:42	12.96	--	976	1266088	买盘
10:00:32	12.96	0.01	424	550048	买盘
10:00:27	12.95	--	1078	1396010	卖盘
10:00:17	12.95	--	870	1126650	卖盘
10:00:12	12.95	-0.01	816	1056875	卖盘
10:00:07	12.96	--	460	597274	卖盘
10:00:02	12.96	--	311	403574	卖盘
09:59:52	12.96	--	3	3888	卖盘
09:59:47	12.96	--	20	25920	卖盘
09:59:42	12.96	0.01	413	536336	买盘
09:59:37	12.95	--	546	708131	卖盘
09:59:32	12.95	-0.01	76	98420	卖盘
09:59:27	12.96	--	119	154768	买盘
09:59:22	12.96	0.01	76	98496	买盘
09:59:17	12.95	0.01	2934	3799633	买盘
09:59:12	12.94	--	249	322206	卖盘
09:59:07	12.94	--	160	207712	卖盘
09:59:02	12.94	--	181	234757	卖盘
09:58:57	12.94	--	575	744050	卖盘
09:58:52	12.94	--	569	737140	买盘
09:58:47	12.94	0.01	65	84110	买盘
09:58:42	12.93	-0.01	114	147402	买盘
09:58:37	12.94	0.01	310	401140	买盘
09:58:32	12.93	--	1221	1578753	卖盘
09:58:27	12.93	-0.01	386	499098	卖盘
09:58:22	12.94	0.01	113	146222	买盘
09:58:17	12.93	--	37	47841	卖盘
09:58:12	12.93	-0.01	444	574092	卖盘
09:58:07	12.94	0.03	1299	1682174	买盘
09:58:02	12.91	-0.01	4568	5897881	卖盘
09:57:57	12.92	0.01	4856	6274391	卖盘
09:57:52	12.91	-0.03	4354	5621866	卖盘
09:57:47	12.94	0.01	10	12940	买盘
09:57:42	12.93	--	4659	6024190	买盘
09:57:37	12.93	--	118	152574	买盘
09:57:32	12.93	--	315	408484	卖盘
09:57:27	12.93	-0.01	3034	3922962	卖盘
09:57:22	12.94	--	133	173266	卖盘
09:57:17	12.94	0.01	237	306678	买盘
09:57:12	12.93	-0.01	2035	2631255	卖盘
09:57:07	12.94	--	3741	4841086	买盘
09:57:02	12.94	--	111	143634	买盘
09:56:57	12.94	--	50	64700	买盘
09:56:52	12.94	--	45	58230	买盘
09:56:47	12.94	--	1030	1333221	卖盘
09:56:42	12.94	--	155	200570	卖盘
09:56:37	12.94	--	37	47878	卖盘
09:56:32	12.94	--	113	147386	卖盘
09:56:27	12.94	--	485	628366	卖盘
09:56:22	12.94	--	275	355850	卖盘
09:56:17	12.94	-0.01	231	299457	卖盘
09:56:12	12.95	0.01	226	292670	买盘
09:56:07	12.94	-0.01	207	267858	卖盘
09:56:02	12.95	--	280	362600	买盘
09:55:57	12.95	--	45	58275	买盘
09:55:52	12.95	--	70	90650	买盘
09:55:47	12.95	--	23	29785	买盘
09:55:42	12.95	0.01	50	64750	买盘
09:55:37	12.94	-0.01	369	478495	卖盘
09:55:32	12.95	--	2600	3367621	卖盘
09:55:27	12.95	-0.01	258	334110	卖盘
09:55:22	12.96	0.01	59	76891	买盘
09:55:17	12.95	-0.01	370	479693	卖盘
09:55:12	12.96	0.01	200	259200	买盘
09:55:07	12.95	-0.01	256	331558	卖盘
09:55:02	12.96	--	771	999216	卖盘
09:54:57	12.96	--	444	576253	卖盘
09:54:52	12.96	--	656	851342	买盘
09:54:47	12.96	0.01	714	925888	买盘
09:54:42	12.95	-0.01	295	382685	卖盘
09:54:37	12.96	-0.01	363	470953	卖盘
09:54:32	12.97	0.01	172	223875	买盘
09:54:27	12.96	--	332	430920	卖盘
09:54:22	12.96	--	552	715534	卖盘
09:54:17	12.96	--	1396	1809267	买盘
09:54:12	12.96	0.01	615	797571	卖盘
09:54:07	12.95	-0.01	6640	8599136	卖盘
09:54:02	12.96	--	850	1102286	卖盘
09:53:57	12.96	-0.01	2329	3018384	卖盘
09:53:52	12.97	--	2079	2696463	买盘
09:53:47	12.97	0.01	188	243836	买盘
09:53:42	12.96	--	156	202176	卖盘
09:53:37	12.96	-0.01	62	80352	卖盘
09:53:32	12.97	--	8	10376	买盘
09:53:27	12.97	--	52	67444	买盘
09:53:22	12.97	--	109	142332	卖盘
09:53:17	12.97	-0.01	48	62256	卖盘
09:53:12	12.98	0.01	86	111628	买盘
09:53:07	12.97	--	1020	1323030	卖盘
09:53:02	12.97	--	196	254212	卖盘
09:52:57	12.97	-0.01	915	1186755	卖盘
09:52:52	12.98	--	68	88264	买盘
09:52:47	12.98	0.01	36	46728	买盘
09:52:42	12.97	--	181	234757	卖盘
09:52:37	12.97	-0.01	190	246430	卖盘
09:52:32	12.98	--	397	515306	买盘
09:52:27	12.98	--	26	33748	买盘
09:52:22	12.98	0.01	80	103840	买盘
09:52:17	12.97	-0.01	127	164719	卖盘
09:52:12	12.98	0.01	256	332288	买盘
09:52:07	12.97	-0.01	134	173798	卖盘
09:52:02	12.98	--	442	573716	买盘
09:51:57	12.98	--	267	346566	买盘
09:51:52	12.98	0.01	16	20768	买盘
09:51:42	12.97	-0.01	303	393626	卖盘
09:51:37	12.98	--	314	407572	买盘
09:51:32	12.98	--	463	600974	买盘
09:51:27	12.98	--	11	14278	买盘
09:51:22	12.98	-0.01	1941	2520625	卖盘
09:51:17	12.99	--	278	361122	买盘
09:51:12	12.99	--	1018	1322382	卖盘
09:51:07	12.99	-0.01	368	478265	卖盘
09:51:02	13.0	0.01	255	331500	买盘
09:50:57	12.99	-0.01	118	153282	卖盘
09:50:52	13.0	0.01	26	34580	买盘
09:50:47	12.99	--	22	28578	卖盘
09:50:42	12.99	--	10	12990	卖盘
09:50:37	12.99	--	10	12990	卖盘
09:50:32	12.99	--	10	12990	卖盘
09:50:27	12.99	--	961	1249131	买盘
09:50:22	12.99	--	1026	1332774	买盘
09:50:17	12.99	--	10	12990	买盘
09:50:12	12.99	0.01	2045	2656455	买盘
09:50:07	12.98	-0.01	85	110330	卖盘
09:50:02	12.99	--	82	106518	买盘
09:49:57	12.99	--	6532	8485379	卖盘
09:49:52	12.99	-0.01	403	523497	卖盘
09:49:47	13.0	--	74	96200	买盘
09:49:42	13.0	0.01	174	226200	买盘
09:49:37	12.99	-0.01	266	345534	卖盘
09:49:32	13.0	0.01	115	149500	买盘
09:49:27	12.99	--	310	402690	卖盘
09:49:22	12.99	-0.01	355	461690	卖盘
09:49:17	13.0	--	393	510900	买盘
09:49:12	13.0	--	120	156000	买盘
09:49:07	13.0	--	1077	1400100	买盘
09:49:02	13.0	0.01	94	122200	中性盘
09:48:57	12.99	-0.01	2097	2724665	卖盘
09:48:52	13.0	-0.01	56	72800	卖盘
09:48:47	13.01	--	122	158722	买盘
09:48:42	13.01	--	284	369484	买盘
09:48:37	13.01	-0.01	98	127914	卖盘
09:48:32	13.02	0.01	1162	1512924	买盘
09:48:27	13.01	--	457	594557	卖盘
09:48:22	13.01	-0.01	39	50739	卖盘
09:48:17	13.02	--	107	139860	买盘
09:48:12	13.02	0.01	4	5208	买盘
09:48:07	13.01	-0.01	496	645842	卖盘
09:48:02	13.02	--	15	19530	买盘
09:47:57	13.02	0.01	168	219282	买盘
09:47:52	13.01	--	112	146258	卖盘
09:47:47	13.01	--	265	344765	买盘
09:47:42	13.01	--	200	260746	买盘
09:47:37	13.01	0.01	108	140508	买盘
09:47:27	13.0	--	190	247000	卖盘
09:47:22	13.0	--	1717	2232633	买盘
09:47:17	13.0	0.02	2608	3390400	买盘
09:47:12	12.98	--	227	294646	卖盘
09:47:07	12.98	-0.01	5022	6518789	卖盘
09:47:02	12.99	0.01	20	25980	买盘
09:46:57	12.98	--	213	277123	卖盘
09:46:52	12.98	--	314	407701	卖盘
09:46:47	12.98	--	81	105138	卖盘
09:46:42	12.98	--	31	40238	卖盘
09:46:37	12.98	0.01	569	739340	买盘
09:46:32	12.97	--	138	178986	卖盘
09:46:27	12.97	-0.01	272	352784	卖盘
09:46:22	12.98	--	109	142650	买盘
09:46:17	12.98	0.01	106	137588	买盘
09:46:12	12.97	-0.01	20	25940	卖盘
09:46:07	12.98	0.01	36	46728	买盘
09:46:02	12.97	-0.01	36	46692	卖盘
09:45:57	12.98	--	19	25830	买盘
09:45:52	12.98	0.01	3	3894	买盘
09:45:47	12.97	0.01	31	40207	中性盘
09:45:42	12.96	--	18	23328	卖盘
09:45:37	12.96	--	92	119232	卖盘
09:45:32	12.96	0.01	71	92016	买盘
09:45:27	12.95	--	252	326340	卖盘
09:45:22	12.95	--	156	202550	买盘
09:45:17	12.95	--	107	138565	买盘
09:45:12	12.95	--	162	209790	买盘
09:45:07	12.95	-0.01	2294	2970781	卖盘
09:45:02	12.96	--	232	300672	买盘
09:44:57	12.96	--	102	132192	买盘
09:44:47	12.96	--	27	34992	买盘
09:44:47	12.96	--	211	273456	买盘
09:44:42	12.96	--	1873	2427408	卖盘
09:44:37	12.96	0.01	11	14256	卖盘
09:44:32	12.95	-0.01	229	296555	卖盘
09:44:27	12.96	-0.02	1	1944	卖盘
09:44:22	12.98	0.02	127	165832	买盘
09:44:17	12.96	--	70	90720	买盘
09:44:12	12.96	--	78	101088	买盘
09:44:07	12.96	-0.02	1850	2397911	卖盘
09:44:02	12.98	0.01	70	90860	买盘
09:43:57	12.97	--	46	59662	卖盘
09:43:52	12.97	--	223	289231	买盘
09:43:47	12.97	--	84	108948	买盘
09:43:42	12.97	0.01	442	573766	买盘
09:43:37	12.96	--	338	438825	卖盘
09:43:27	12.96	-0.01	75	97200	卖盘
09:43:22	12.97	--	103	133591	买盘
09:43:17	12.97	--	337	437867	买盘
09:43:12	12.97	--	324	420461	买盘
09:43:02	12.97	0.01	205	265885	买盘
09:42:57	12.96	--	1534	1988491	卖盘
09:42:47	12.96	--	130	168480	卖盘
09:42:42	12.96	--	157	203472	卖盘
09:42:37	12.96	-0.01	189	244944	卖盘
09:42:32	12.97	0.01	475	616075	买盘
09:42:27	12.96	--	374	485987	买盘
09:42:22	12.96	--	194	251424	买盘
09:42:17	12.96	0.01	187	242352	卖盘
09:42:12	12.95	-0.01	156	202020	卖盘
09:42:07	12.96	--	9073	11759100	买盘
09:42:02	12.96	--	1233	1597968	买盘
09:41:57	12.96	0.01	121	156816	买盘
09:41:52	12.95	-0.01	115	148925	卖盘
09:41:47	12.96	--	209	270864	买盘
09:41:42	12.96	--	3007	3897072	买盘
09:41:37	12.96	-0.02	4175	5411603	卖盘
09:41:32	12.98	0.01	43	55814	买盘
09:41:27	12.97	-0.01	1532	1987004	卖盘
09:41:22	12.98	--	130	168740	买盘
09:41:17	12.98	--	55	71390	买盘
09:41:12	12.98	-0.01	3585	4654199	卖盘
09:41:07	12.99	--	513	666620	卖盘
09:41:02	12.99	--	183	238106	卖盘
09:40:57	12.99	0.01	1253	1627647	买盘
09:40:52	12.98	--	52	67496	卖盘
09:40:47	12.98	-0.01	170	220660	卖盘
09:40:42	12.99	--	223	289677	买盘
09:40:37	12.99	--	44	57156	买盘
09:40:32	12.99	--	28	36372	买盘
09:40:27	12.99	--	39	50661	买盘
09:40:22	12.99	--	170	220830	买盘
09:40:17	12.99	0.01	139	180561	中性盘
09:40:12	12.98	--	97	125906	卖盘
09:40:07	12.98	--	149	194505	卖盘
09:40:02	12.98	-0.02	181	234938	卖盘
09:39:57	13.0	0.01	1372	1783600	买盘
09:39:52	12.99	0.01	33	42867	买盘
09:39:47	12.98	--	191	247918	卖盘
09:39:42	12.98	0.01	29	37642	卖盘
09:39:37	12.97	-0.01	75	97275	卖盘
09:39:32	12.98	0.01	256	332288	买盘
09:39:27	12.97	--	148	191956	卖盘
09:39:22	12.97	--	95	123215	卖盘
09:39:17	12.97	--	94	121918	卖盘
09:39:12	12.97	--	142	185393	买盘
09:39:07	12.97	--	444	576101	买盘
09:39:02	12.97	--	105	136185	买盘
09:38:57	12.97	--	264	342408	买盘
09:38:52	12.97	--	80	103760	买盘
09:38:47	12.97	--	372	483391	卖盘
09:38:42	12.97	0.01	53	69130	中性盘
09:38:37	12.96	-0.02	396	514123	卖盘
09:38:32	12.98	--	56	72688	买盘
09:38:27	12.98	0.02	188	244673	买盘
09:38:22	12.96	-0.01	711	921456	卖盘
09:38:17	12.97	--	249	322953	买盘
09:38:12	12.97	--	73	94681	买盘
09:38:07	12.97	--	56	72632	买盘
09:38:02	12.97	--	53	68741	买盘
09:37:57	12.97	--	44	57068	买盘
09:37:52	12.97	0.01	67	86899	买盘
09:37:47	12.96	--	115	149040	卖盘
09:37:42	12.96	--	129	167184	卖盘
09:37:37	12.96	0.01	24	31104	卖盘
09:37:32	12.95	-0.03	2589	3352755	卖盘
09:37:27	12.98	0.01	423	549054	买盘
09:37:22	12.97	--	724	939028	买盘
09:37:17	12.97	-0.01	512	664064	卖盘
09:37:12	12.98	--	3707	4811686	买盘
09:37:07	12.98	--	245	318243	买盘
09:37:02	12.98	--	165	214170	买盘
09:36:57	12.98	--	112	145376	买盘
09:36:52	12.98	-0.02	1934	2510799	卖盘
09:36:47	13.0	0.01	365	474500	买盘
09:36:42	12.99	--	312	405288	买盘
09:36:37	12.99	-0.01	74	97295	卖盘
09:36:32	13.0	0.01	73	95862	买盘
09:36:27	12.99	--	73	94827	买盘
09:36:22	12.99	-0.01	191	249278	卖盘
09:36:17	13.0	0.01	23	29900	买盘
09:36:12	12.99	--	191	248109	卖盘
09:36:07	12.99	--	162	210438	卖盘
09:36:02	12.99	-0.01	116	150813	卖盘
09:35:57	13.0	--	122	158600	买盘
09:35:52	13.0	0.02	88	114400	买盘
09:35:47	12.98	-0.01	246	319308	卖盘
09:35:42	12.99	-0.01	375	487293	卖盘
09:35:37	13.0	--	586	761800	买盘
09:35:32	13.0	--	238	310531	买盘
09:35:27	13.0	--	233	302900	买盘
09:35:22	13.0	--	1433	1862900	买盘
09:35:12	13.0	--	280	364000	买盘
09:35:07	13.0	--	684	889278	卖盘
09:35:02	13.0	-0.01	89	115700	卖盘
09:34:57	13.01	0.01	42	54642	买盘
09:34:52	13.0	--	2	2600	卖盘
09:34:47	13.0	0.01	371	483522	买盘
09:34:42	12.99	-0.01	1113	1445787	卖盘
09:34:37	13.0	--	450	585000	买盘
09:34:32	13.0	--	163	211900	买盘
09:34:27	13.0	--	602	782600	买盘
09:34:22	13.0	--	1574	2046447	卖盘
09:34:17	13.0	-0.03	3131	4070300	卖盘
09:34:12	13.03	--	127	165637	买盘
09:34:07	13.03	--	29	37787	买盘
09:34:02	13.03	0.01	648	844344	买盘
09:33:57	13.02	--	3524	4588248	卖盘
09:33:52	13.02	-0.01	274	357034	卖盘
09:33:47	13.03	0.01	1028	1340096	买盘
09:33:42	13.02	-0.01	1103	1436106	卖盘
09:33:37	13.03	--	798	1039794	买盘
09:33:32	13.03	--	598	779194	买盘
09:33:27	13.03	-0.01	1242	1619016	卖盘
09:33:22	13.04	-0.01	307	400328	卖盘
09:33:17	13.05	0.01	279	364095	买盘
09:33:12	13.04	--	111	144744	买盘
09:33:07	13.04	--	357	465527	卖盘
09:33:02	13.04	--	80	104320	卖盘
09:32:57	13.04	--	1068	1392672	卖盘
09:32:52	13.04	--	228	298472	买盘
09:32:47	13.04	--	91	118663	买盘
09:32:42	13.04	--	119	155176	买盘
09:32:37	13.04	--	92	119967	买盘
09:32:32	13.04	--	43	56071	买盘
09:32:27	13.04	--	57	74328	买盘
09:32:22	13.04	0.01	101	131704	买盘
09:32:17	13.03	-0.01	254	330962	卖盘
09:32:12	13.04	0.01	115	149960	买盘
09:32:07	13.03	--	66	85998	卖盘
09:32:02	13.03	--	313	407839	卖盘
09:31:57	13.03	-0.01	687	895395	卖盘
09:31:52	13.04	--	894	1165802	卖盘
09:31:47	13.04	-0.01	54	70416	卖盘
09:31:42	13.05	0.02	13	16965	买盘
09:31:37	13.03	-0.01	861	1122378	卖盘
09:31:32	13.04	-0.01	100	131208	卖盘
09:31:27	13.05	0.01	357	466380	买盘
09:31:22	13.04	--	85	110840	买盘
09:31:17	13.04	-0.01	298	389661	卖盘
09:31:12	13.05	--	95	123975	买盘
09:31:07	13.05	--	98	128124	买盘
09:31:02	13.05	--	322	420210	买盘
09:30:57	13.05	--	110	143550	买盘
09:30:47	13.05	--	22	28710	买盘
09:30:47	13.05	0.01	314	409770	买盘
09:30:42	13.04	--	14	18256	卖盘
09:30:37	13.04	--	262	341648	卖盘
09:30:32	13.04	-0.01	84	109536	卖盘
09:30:27	13.05	--	89	116145	买盘
09:30:22	13.05	--	36	46980	买盘
09:30:17	13.05	0.01	263	343215	买盘
09:30:07	13.04	-0.01	175	228199	卖盘
09:30:07	13.05	-0.02	1351	1763055	卖盘
09:30:02	13.07	-0.01	1240	1620680	卖盘
09:25:07	13.08	13.08	2773	3627084	买盘
